2334 3734
234 529 266 575 96
458 525 487 575 P.
504 523 641 574 VlllGlLll
660 522 813 572 MARONlS

235 655 368 716 Pinguibus
379 667 394 702 a
404 653 516 712 stabulis,
528 666 697 716 meropesque,
708 651 809 726 elinque
818 652 929 701 volucres
940 671 948 716 3

235 747 267 793 Et
276 743 388 793 munibus
401 745 494 792 Procne
505 751 588 805 pectus
599 742 694 803 signata
702 742 817 790 cruentis.

236 832 327 882 Omnia
337 845 395 880 nam
402 832 452 880 late
462 839 566 892 vastant,
577 831 690 897 ipsasque
701 830 806 879 volantis

236 921 287 970 Ore
298 920 382 968 lerunt
391 919 488 968 dulcem
499 918 562 968 nidis
574 918 701 968 inmitibus
712 933 800 968 escam.

235 1011 271 1058 At
280 1008 366 1070 liquidi
378 1009 458 1057 lontes
473 1017 498 1057 et
509 1015 594 1070 stagna
604 1009 707 1058 virentia
716 1024 801 1059 musco

236 1099 335 1158 Adsint‚
346 1107 371 1148 et
382 1097 474 1159 tenuis,
486 1099 583 1160 fugiens
594 1113 638 1162 per
649 1099 770 1160 gramina,
781 1099 858 1159 rivus,

237 1188 368 1250 Palmaque
378 1187 523 1236 vestibulum
537 1195 579 1236 aut
591 1187 677 1249 ingens
689 1189 793 1238 oleaster
803 1187 938 1238 inumbret:

237 1278 283 1336 Ut,
294 1291 369 1339 quum
381 1277 460 1340 prima
470 1277 527 1325 novi
537 1276 627 1325 ducent
639 1276 754 1326 examina
763 1292 831 1339 reges

236 1366 300 1413 Vere
310 1378 366 1424 suo,
377 1363 492 1426 ludetque
502 1363 562 1412 lavis
573 1363 796 1426 emissajuventrs,

237 1456 324 1505 Vicina
334 1455 419 1505 inritet
429 1455 544 1504 decedere
554 1455 608 1519 ripa
617 1456 708 1518 calori3

238 1544 362 1607 Obviaque
372 1544 484 1607 hospitiis
494 1552 576 1593 teneat
586 1544 755 1594 frondentibus
765 1546 846 1594 arbos.

237 1636 265 1682 ln
278 1634 395 1694 medium,
408 1649 450 1684 seu
462 1633 535 1683 stabit
544 1633 621 1694 iners,
632 1648 676 1682 seu
686 1634 791 1696 profluet
800 1635 899 1694 humor,

236 1725 396 1772 'l'ransversas
407 1724 492 1772 salices
502 1730 527 1772 et
537 1723 640 1784 grandia
648 1723 741 1783 conjice
751 1737 823 1772 saxa:
887 1781 891 1788 .

238 1813 356 1862 Pontibus
364 1821 392 1862 ut
402 1813 493 1861 crebris
505 1813 599 1876 possint
608 1813 750 1873 consistere,
761 1821 787 1861 et
796 1814 848 1862 ulus

239 1901 347 1950 Pendere
359 1901 389 1950 ad
399 1902 508 1951 oestirum
520 1902 614 1963 solem,
631 1901 652 1950 si
662 1902 726 1950 torte
737 1902 855 1951 morantis

238 1991 368 2053 sparserit,
379 1999 421 2039 aut
431 2005 536 2054 preceps
550 1993 664 2054 Nepnrno
674 1991 814 2040 inmerserit
823 1993 911 2040 Eurus.

238 2081 296 2128 llaec
307 2080 399 2129 circum
410 2081 481 2129 cenius
490 2079 591 2141 virides,
601 2088 627 2129 et
638 2081 730 2130 olentia
740 2081 789 2130 late

238 2168 359 2238 serpylla,
370 2181 394 2222 et
404 2173 508 2235 graviter
519 2173 633 2236 spirantis
644 2174 714 2236 copia
726 2173 844 2237 thymbra

238 2266 345 2324 Floreat,
357 2263 528 2326 inriguumque
535 2263 621 2312 bibant
630 2264 732 2313 violaria
739 2265 841 2314 fontem.

237 2354 293 2416 Ipsa
302 2359 394 2412 autem,
405 2365 448 2400 seu
458 2351 589 2400 corticibus
600 2351 644 2401 tibi
656 2361 711 2402 suta
721 2353 820 2416 cavam,

238 2443 287 2490 Seu
298 2442 365 2490 lento
377 2441 468 2490 luerint
479 2441 584 2490 alvearia
594 2441 684 2491 vimine
695 2450 772 2503 texte,

236 2532 360 2592 Angustos
371 2531 476 2579 habeant
487 2529 575 2579 aditus.
609 2533 674 2580 Nam
686 2532 776 2596 frigore
787 2533 862 2582 mella

238 2619 309 2680 Cogit
320 2619 409 2680 hiems,
422 2619 554 2681 eademque
564 2619 632 2668 mlor
643 2621 773 2682 liquefacta
780 2621 890 2671 remittit

238 2709 347 2770 Utraque
360 2707 394 2755 ris
406 2707 491 2770 apibus
503 2707 594 2770 puriter
605 2710 749 2773 metuendn3
766 2725 846 2774 neque
857 2711 907 2760 ille

238 2790 407 2852 Nequidquam
421 2791 444 2838 in
458 2791 528 2840 tectis
539 2792 745 2842 certatim'tenuia
754 2809 811 2844 cera

236 2879 390 2942 spiramenta
401 2879 492 2940 linunt,
505 2881 609 2943 fucoque
619 2889 644 2931 et
655 2882 756 2932 floribus
767 2897 824 2933 oras

236 2968 353 3030 Explent,
365 2969 549 3032 conlectumque
561 2970 613 3018 haec
624 2970 676 3034 ipsa
687 2971 718 3020 ad
729 2987 833 3022 munera
843 2975 925 3035 gluten

235 3057 268 3104 Et
279 3054 343 3105 visco
354 3065 379 3105 et
391 3057 499 3120 Phrygiae
511 3067 609 3107 servant
619 3059 672 3121 pice
682 3061 772 3110 lentius
785 3062 843 3110 ἰὼ).

237 3147 306 3209 Saepe
316 3145 391 3195 etiam
402 3147 506 3208 effossis,
518 3147 539 3196 si
551 3161 609 3195 vera
619 3155 656 3198 est
668 3149 743 3211 fama,
754 3150 854 3199 latebris
