2334 3734
439 473 598 529 AENEIDOS
614 475 678 527 nm.
695 476 729 525 11.
935 476 982 526 153

179 581 239 655 Pdst
250 604 340 669 ipsum,
352 603 446 658 auxilio
456 606 604 656 subeuntem
614 606 701 656 acuciu
709 605 841 667 suentem,

178 694 338 759 concipiunt,
349 695 471 759 spirisque
481 695 558 757 ligent
568 694 706 758 ingentibus
715 715 724 759 ς
740 703 766 746 et
772 697 826 757 jum

176 785 221 834 Bis
232 785 340 835 medium
352 785 469 850 amplexi,
481 786 519 836 bis
528 787 595 836 collo
604 801 721 849 squamea
730 786 825 836 circum

175 876 256 948 Terga
266 876 327 936 dati,
338 884 456 940 superent
465 876 543 940 capite
555 884 581 926 et
590 876 724 927 vervicibus
734 877 800 927 altis.

177 967 223 1015 llle
234 966 310 1015 simul
321 967 434 1016 manibus
446 966 526 1016 tendit
535 966 652 1018 diuellere
662 967 752 1029 nodos,

178 1055 294 1104 Perfusus
305 1056 373 1105 sanie
384 1056 456 1106 vittas
468 1065 571 1119 atroque
582 1069 696 1119 vencn03

179 1147 305 1196 Clamores
317 1147 392 1198 simul
403 1149 539 1198 horrendus
551 1149 675 1198 adsidere
683 1148 764 1198 tollit:

179 1236 264 1290 Qualis
276 1236 394 1299 mugitus,
406 1238 469 1300 fugit
478 1253 553 1300 quum
565 1237 662 1288 saucius
673 1251 742 1286 erem

176 1325 285 1385 Taurus,
297 1333 322 1374 et
333 1325 449 1375 incertam
462 1326 570 1376 excussit
580 1325 674 1375 cervice
684 1325 798 1375 securim.

176 1417 211 1463 At
221 1415 312 1476 gemini
323 1416 393 1478 lapsu
404 1416 506 1465 delubra
516 1415 547 1465 ad
558 1430 656 1466 summa
667 1416 785 1466 demones

177 1504 313 1566 Effugiunt,
326 1520 442 1568 saevaeque
452 1512 539 1568 petunt
549 1504 686 1555 'l'ritonidis
697 1518 794 1567 urcem3

177 1593 229 1642 Sub
239 1593 389 1657 pedibusque
400 1593 452 1644 dem
461 1593 582 1656 clipeique
593 1595 640 1642 sub
650 1594 712 1642 orbe
721 1601 846 1654 mgunmr.

166 1681 242 1732 'num
253 1697 310 1732 vero
321 1683 464 1732 tremefacta
474 1697 552 1732 nouus
563 1697 606 1746 per
617 1691 717 1746 pectere
726 1682 821 1732 eunctis

171 1759 289 1821 insinuat
299 1785 390 1836 pav0r3
408 1780 433 1822 et
443 1773 523 1821 scelus
534 1771 679 1836 expendisse
689 1779 824 1821 merentem

165 1863 318 1919 ,Laocoonta
328 1863 422 1922 ferunt,
434 1875 530 1910 sacrum
542 1861 584 1924 qui
594 1861 694 1925 cuspide
705 1863 781 1911 robur

177 1951 288 2012 Luserit,
299 1958 325 2000 et
334 1958 402 2012 tergo
414 1951 558 2008 sceleratam
569 1950 697 2001 intorserit
707 1952 812 2005 bustam.

177 2041 321 2091 Ducendum
333 2043 363 2090 ad
374 2041 443 2091 sedes
454 2041 625 2104 simulacrum,
636 2041 776 2103 orandaque
786 2040 847 2092 dive

177 2131 287 2180 Numina
297 2133 460 2182 conclamant.

177 2219 313 2270 Dividimus
325 2237 420 2282 muros,
432 2229 459 2271 et
468 2221 560 2270 moenia
570 2219 699 2284 pandimus
709 2219 787 2269 urbis.

176 2310 318 2373 Adcinguut
328 2325 414 2362 omnes
425 2310 504 2375 operi,
516 2311 666 2375 pedibusque
676 2318 788 2358 rotarum

176 2399 315 2461 Suinciuut
324 2401 417 2465 lapsum,
429 2409 454 2451 et
465 2409 567 2464 stuppea
576 2399 676 2449 viumla
686 2398 752 2447 collo

177 2489 318 2540 Intendunt.
351 2491 452 2542 Scandit
463 2491 544 2540 fatalis
555 2489 671 2541 machine
680 2501 777 2548 muros,

177 2579 236 2628 Feta
246 2579 330 2654 armis.
364 2582 437 2632 Pueri
447 2580 541 2631 circum
551 2580 708 2644 innupmque
718 2577 808 2642 puellm

178 2668 362 2730 meramnum,
375 2670 508 2732 funemque
520 2684 596 2718 manu
606 2668 747 2730 mntiugere
758 2666 875 2730 gaudent

178 2756 224 2805 Illa
235 2755 311 2817 subit,
323 2757 456 2821 mediaque
467 2758 564 2808 minens
576 2757 694 2808 inlabitur
704 2754 769 2805 urbi.

179 2846 201 2895 0
212 2845 302 2909 patria,
313 2862 329 2896 ο
340 2847 423 2898 divum
434 2841 620 2907 dumus'ltium
631 2855 658 2895 et
667 2846 760 2894 ismluta
770 2845 836 2895 bello

178 2933 273 2984 Moenia
283 2935 450 2987 Dardanidum
460 2939 467 2984 ¹.
486 2943 570 2999 quater
581 2936 635 2999 ipsu
646 2934 673 3001 iu
684 2932 771 2983 limine
781 2939 860 2995 parm

179 3021 303 3086 Substitit,
314 3031 387 3086 atque
397 3033 469 3074 utero
480 3025 589 3076 sonitum
599 3030 685 3087 quater
696 3035 766 3071 arma
775 3019 872 3071 dedere.

180 3111 302 3164 Instemus
312 3121 394 3167 tamen
407 3112 555 3165 inmemores
565 3113 671 3176 meique
681 3113 776 3172 furore,
