2334 3734
200 522 248 568 ³24
421 523 449 569 P.
465 520 602 568 VlRGlLll
619 520 772 597 MARQle

199 648 328 709 Nympho,
340 648 471 697 laureum
482 649 611 711 Nymplrae,
622 662 698 709 geum
708 648 819 697 amnibus
830 650 893 699 unde
910 656 957 709 est,

198 736 295 795 lisque,
306 749 322 782 o
332 736 426 797 Thybri
437 743 481 784 tuo
486 735 586 798 genitor
596 750 652 784 cum
663 736 765 786 flumine
775 745 869 798 mucio,

200 820 311 885 Adcipite
317 824 424 883 AEnesn,
435 831 461 872 et
470 824 567 874 taudem
579 832 659 873 arcete
669 825 774 887 peridis.

200 914 256 966 Quo
267 920 292 961 te
302 927 405 974 cumque
415 915 493 973 locus,
504 913 660 963 miserantem
671 915 827 965 incommodo
837 926 930 977 nosue,

198 1001 276 1050 Fonte
283 1009 359 1062 tenet,
370 1016 522 1064 quocumque
532 1004 586 1051 solo
593 1004 834 1066 pulcerrimnsexis3
956 993 961 999 ”

191 1086 301 1152 ‘Semper
311 1091 405 1139 honore
414 1106 480 1151 meo,
491 1106 587 1154 semper
598 1092 750 1141 celebrabere
761 1093 842 1171 donis,

201 1177 319 1239 Corniger
330 1180 492 1242 Hesperidum
503 1180 591 1228 fluvius
602 1180 714 1241 regnetur
724 1194 851 1243 equarum.
953 1244 963 1260 ο

200 1264 301 1325 Adsiso
311 1274 417 1328 tontum,
429 1276 455 1316 ct
464 1269 564 1330 propius
575 1270 731 1319 tuunumins
742 1271 833 1319 firmesi

202 1352 242 1401 Sic
253 1364 385 1415 memorat,
392 1356 548 1417 geminusque
558 1357 617 1417 legit
626 1357 657 1405 de
667 1358 744 1407 classe
756 1359 865 1434 biremis,

201 1441 358 1504 Remigioque
369 1451 451 1506 sptst3
468 1444 547 1493 socios
559 1446 632 1493 simul
643 1446 744 1496 instruit
754 1449 837 1497 armis

233 1529 515 1590 Enceeutem‚‚subitnm
528 1540 600 1592 atque
610 1534 687 1581 oculis
699 1534 811 1583 mirabile
822 1546 969 1597 monstrum,
1006 1596 1009 1603 ι
1057 1570 1064 1579 κ

204 1614 311 1666 Candida
318 1632 361 1679 per
372 1619 460 1665 silvam
470 1634 528 1667 cum
536 1622 588 1669 leti
598 1624 712 1671 concolor
723 1625 779 1671 albo
848 1684 853 1699 1

203 1705 344 1765 Procubuit,
355 1706 474 1768 viridique
487 1709 511 1756 in
523 1710 599 1758 litore
610 1712 758 1774 conspicitur
768 1728 810 1761 sus
820 1732 834 1761 :-

203 1794 281 1846 Quam
292 1794 347 1855 pius
358 1796 448 1843 AEneas
458 1796 503 1844 tibi
514 1798 591 1857 enim,
602 1799 658 1858 tibi,
670 1814 784 1848 maxuma
794 1803 872 1862 Juno,

203 1880 304 1938 Mactst,
316 1894 384 1927 sacra
394 1882 486 1940 ferens,
498 1892 589 1931 etcum
600 1900 671 1945 grege
681 1886 746 1935 sistit
756 1888 787 1935 sd
797 1902 873 1937 arom.

202 1965 306 2026 'l'hgbris
317 1970 346 2013 es
355 1966 466 2026 fluvium,
477 1983 551 2028 quom
562 1972 693 2033 longeest,
706 1984 777 2024 nocte
787 1982 920 2027 tumentem

201 2050 291 2111 leniit,
303 2061 328 2101 et
337 2054 411 2101 incita
417 2050 522 2106 'rellums
531 2059 566 2106 its
576 2061 684 2110 substitit
693 2064 769 2123 unda,

202 2140 271 2189 Mitis
283 2150 312 2189 ut
321 2142 346 2191 in
358 2158 452 2192 morem
464 2148 543 2207 stagni
554 2150 699 2213 placideque
710 2154 805 2215 psluffis

203 2229 328 2280 Sterneret
336 2226 423 2294 equor
430 2235 508 2295 aquis,
520 2251 589 2287 remo
600 2246 627 2287 nt
638 2241 759 2290 luctamen
771 2242 873 2293 abesset.

203 2316 268 2378 Ergo
279 2318 326 2381 iter
333 2320 454 2383 inceptum
464 2325 588 2388 celerant3
606 2342 704 2376 rumore
716 2330 823 2380 secundo

204 2406 302 2456 lasbitcu
313 2418 388 2459 uncta
396 2412 463 2460 vadis
474 2414 554 2463 abies:
571 2416 691 2465 mirantur
702 2424 728 2467 et
738 2419 822 2481 undoe3

202 2494 308 2544 Miratrr
319 2512 405 2547 nemus
417 2500 538 2550 insuetum
550 2505 668 2565 fulgentia
678 2506 749 2568 longe

203 2583 276 2631 Scuta
287 2585 376 2645 virum,
388 2587 461 2636 fluvio
470 2590 596 2653 pictosque
607 2593 692 2642 innare
703 2595 805 2644 carinas.

204 2670 256 2718 Olli
267 2673 369 2733 remigio
381 2683 524 2737 noctemque
535 2678 647 2741 diemque
662 2682 772 2743 nogant,

201 2760 235 2808 Et
244 2762 329 2821 longos
341 2774 455 2825 superant
466 2766 554 2827 flexus,
565 2771 687 2831 variisque
698 2780 811 2833 teguntur

202 2848 348 2909 Arboribus,
358 2852 488 2914 viridisque
499 2865 583 2905 recent
593 2859 687 2919 placido
699 2870 798 2923 aequore
809 2863 888 2912 silvas.

203 2936 246 2983 Sol
256 2937 362 2986 medium
375 2940 431 2988 coeli
443 2944 616 2994 conscenderet
626 2946 711 3009 igneus
722 2952 823 2999 orbem:
922 2962 930 2977 '

202 3025 284 3076 Quum
296 3039 379 3075 muros
390 3043 517 3092 arcemque
529 3038 614 3095 procul
626 3050 653 3086 ac
665 3053 720 3087 ram
729 3040 858 3089 domorum

191 3112 274 3159 -Tecto
281 3112 380 3175 vident3
397 3133 451 3177 quse
463 3136 527 3170 nuuc
539 3125 650 3175 Romana
660 3129 768 3190 potentis
780 3130 843 3177 coelo
