<?xml version="1.0" encoding="UTF-8"?>
<!DOCTYPE html PUBLIC "-//W3C//DTD XHTML 1.0 Transitional//EN"
    "http://www.w3.org/TR/xhtml1/DTD/xhtml1-transitional.dtd">
<html xmlns="http://www.w3.org/1999/xhtml" xml:lang="en" lang="en">
 <head>
  <title>
</title>
<meta http-equiv="Content-Type" content="text/html;charset=utf-8" />
  <meta name='ocr-system' content='tesseract 3.04.00' />
  <meta name='ocr-capabilities' content='ocr_page ocr_carea ocr_par ocr_line ocrx_word'/>
</head>
<body>
  <div class='ocr_page' id='page_1' title='image "./publiivirgiliim00heyngoog/publiivirgiliim00heyngoog_0139.png"; bbox 0 0 2334 3734; ppageno 0'>
   <div class='ocr_carea' id='block_1_1' title="bbox 406 525 943 580">
    <p class='ocr_par' dir='ltr' id='par_1_1' title="bbox 406 525 943 580">
     <span class='ocr_line' id='line_1_1' title="bbox 406 525 943 580; baseline 0.007 -5"><span class='ocrx_word' id='word_1_1' title='bbox 406 525 564 576; x_wconf 78' lang='lat' dir='ltr'>AENEIDOS</span> <span class='ocrx_word' id='word_1_2' title='bbox 581 527 644 576; x_wconf 75' lang='grc' dir='ltr'><strong>ΗΒ.</strong></span> <span class='ocrx_word' id='word_1_3' title='bbox 661 528 681 576; x_wconf 91' lang='lat' dir='ltr'><strong>l.</strong></span> <span class='ocrx_word' id='word_1_4' title='bbox 895 530 943 580; x_wconf 78' lang='lat'><strong>127</strong></span> 
     </span>
    </p>
   </div>
   <div class='ocr_carea' id='block_1_2' title="bbox 120 652 882 3216">
    <p class='ocr_par' dir='ltr' id='par_1_2' title="bbox 146 652 814 1074">
     <span class='ocr_line' id='line_1_2' title="bbox 147 652 814 719; baseline 0.006 -16"><span class='ocrx_word' id='word_1_5' title='bbox 147 654 162 684; x_wconf 66' lang='lat'><strong><em>⁴</em></strong></span> <span class='ocrx_word' id='word_1_6' title='bbox 171 652 287 713; x_wconf 84' lang='lat' dir='ltr'>Additur,</span> <span class='ocrx_word' id='word_1_7' title='bbox 303 654 364 717; x_wconf 87' lang='lat' dir='ltr'><strong>(llus</strong></span> <span class='ocrx_word' id='word_1_8' title='bbox 376 662 439 715; x_wconf 79' lang='lat' dir='ltr'><strong>erat,</strong></span> <span class='ocrx_word' id='word_1_9' title='bbox 450 654 509 704; x_wconf 90' lang='lat' dir='ltr'><strong>dum</strong></span> <span class='ocrx_word' id='word_1_10' title='bbox 519 670 558 704; x_wconf 85' lang='lat' dir='ltr'><strong>res</strong></span> <span class='ocrx_word' id='word_1_11' title='bbox 569 656 637 705; x_wconf 83' lang='lat' dir='ltr'><strong>stetit</strong></span> <span class='ocrx_word' id='word_1_12' title='bbox 647 655 787 719; x_wconf 76' lang='lat' dir='ltr'><strong>iliaregno)</strong></span> <span class='ocrx_word' id='word_1_13' title='bbox 799 658 814 688; x_wconf 73' lang='lat'><strong>⁸*</strong></span> 
     </span>
     <span class='ocr_line' id='line_1_3' title="bbox 146 743 723 804; baseline 0.003 -13"><span class='ocrx_word' id='word_1_14' title='bbox 146 743 259 804; x_wconf 80' lang='lat' dir='ltr'><strong>Triginta</strong></span> <span class='ocrx_word' id='word_1_15' title='bbox 271 757 371 804; x_wconf 75' lang='lat' dir='ltr'><strong>magnos</strong></span> <span class='ocrx_word' id='word_1_16' title='bbox 383 743 508 793; x_wconf 83' lang='lat' dir='ltr'>volvendis</span> <span class='ocrx_word' id='word_1_17' title='bbox 521 745 645 794; x_wconf 85' lang='lat' dir='ltr'><strong>mensibus</strong></span> <span class='ocrx_word' id='word_1_18' title='bbox 656 745 723 794; x_wconf 84' lang='lat' dir='ltr'><strong>urbis</strong></span> 
     </span>
     <span class='ocr_line' id='line_1_4' title="bbox 147 831 751 896; baseline 0.002 -15"><span class='ocrx_word' id='word_1_19' title='bbox 147 832 254 896; x_wconf 88' lang='lat' dir='ltr'><strong>Imperio</strong></span> <span class='ocrx_word' id='word_1_20' title='bbox 265 831 383 896; x_wconf 83' lang='lat' dir='ltr'><strong>explebit,</strong></span> <span class='ocrx_word' id='word_1_21' title='bbox 394 847 542 894; x_wconf 74' lang='lat' dir='ltr'><strong>regnumque</strong></span> <span class='ocrx_word' id='word_1_22' title='bbox 554 834 584 882; x_wconf 80' lang='lat' dir='ltr'><strong>ab</strong></span> <span class='ocrx_word' id='word_1_23' title='bbox 595 833 652 882; x_wconf 83' lang='lat' dir='ltr'><strong>sede</strong></span> <span class='ocrx_word' id='word_1_24' title='bbox 663 833 751 882; x_wconf 77' lang='lat' dir='ltr'><strong>Lavinl</strong></span> 
     </span>
     <span class='ocr_line' id='line_1_5' title="bbox 146 921 783 982; baseline 0 -11"><span class='ocrx_word' id='word_1_25' title='bbox 146 921 299 981; x_wconf 83' lang='lat' dir='ltr'><strong>Transferet,</strong></span> <span class='ocrx_word' id='word_1_26' title='bbox 311 928 336 970; x_wconf 83' lang='lat' dir='ltr'><strong>et</strong></span> <span class='ocrx_word' id='word_1_27' title='bbox 346 922 445 982; x_wconf 76' lang='lat' dir='ltr'><strong>longam</strong></span> <span class='ocrx_word' id='word_1_28' title='bbox 457 921 535 970; x_wconf 79' lang='lat' dir='ltr'><strong>multa</strong></span> <span class='ocrx_word' id='word_1_29' title='bbox 545 921 568 969; x_wconf 90' lang='lat' dir='ltr'><strong>vi</strong></span> <span class='ocrx_word' id='word_1_30' title='bbox 580 922 675 971; x_wconf 87' lang='lat' dir='ltr'><strong>muniet</strong></span> <span class='ocrx_word' id='word_1_31' title='bbox 685 923 783 971; x_wconf 81' lang='lat' dir='ltr'><strong>Albam.</strong></span> 
     </span>
     <span class='ocr_line' id='line_1_6' title="bbox 148 1013 723 1074; baseline 0.003 -13"><span class='ocrx_word' id='word_1_32' title='bbox 148 1013 251 1074; x_wconf 83' lang='lat' dir='ltr'><strong>Hicjam</strong></span> <span class='ocrx_word' id='word_1_33' title='bbox 261 1019 407 1063; x_wconf 84' lang='lat' dir='ltr'><strong>tercentum</strong></span> <span class='ocrx_word' id='word_1_34' title='bbox 419 1021 484 1062; x_wconf 83' lang='lat' dir='ltr'><strong>totos</strong></span> <span class='ocrx_word' id='word_1_35' title='bbox 496 1013 635 1074; x_wconf 77' lang='lat' dir='ltr'>regnabitur</span> <span class='ocrx_word' id='word_1_36' title='bbox 646 1028 723 1063; x_wconf 77' lang='lat' dir='ltr'><strong>annos</strong></span> 
     </span>
    </p>

    <p class='ocr_par' dir='ltr' id='par_1_3' title="bbox 146 1100 740 1163">
     <span class='ocr_line' id='line_1_7' title="bbox 146 1100 740 1163; baseline 0 -11"><span class='ocrx_word' id='word_1_37' title='bbox 146 1103 225 1152; x_wconf 87' lang='lat' dir='ltr'><strong>Gente</strong></span> <span class='ocrx_word' id='word_1_38' title='bbox 236 1103 282 1151; x_wconf 85' lang='lat' dir='ltr'><strong>sub</strong></span> <span class='ocrx_word' id='word_1_39' title='bbox 295 1103 430 1163; x_wconf 79' lang='lat' dir='ltr'><strong>Hectorea3</strong></span> <span class='ocrx_word' id='word_1_40' title='bbox 448 1100 525 1150; x_wconf 85' lang='lat' dir='ltr'><strong>donce</strong></span> <span class='ocrx_word' id='word_1_41' title='bbox 534 1102 617 1163; x_wconf 78' lang='lat' dir='ltr'><strong>regina</strong></span> <span class='ocrx_word' id='word_1_42' title='bbox 627 1102 740 1153; x_wconf 78' lang='lat' dir='ltr'><strong>sacerdos</strong></span> 
     </span>
    </p>

    <p class='ocr_par' dir='ltr' id='par_1_4' title="bbox 148 1190 882 1343">
     <span class='ocr_line' id='line_1_8' title="bbox 148 1190 882 1255; baseline 0.004 -17"><span class='ocrx_word' id='word_1_43' title='bbox 148 1192 229 1239; x_wconf 85' lang='lat' dir='ltr'><strong>Marte</strong></span> <span class='ocrx_word' id='word_1_44' title='bbox 240 1190 318 1252; x_wconf 76' lang='lat' dir='ltr'><strong>gravis</strong></span> <span class='ocrx_word' id='word_1_45' title='bbox 330 1191 452 1251; x_wconf 78' lang='lat' dir='ltr'><strong>geminum</strong></span> <span class='ocrx_word' id='word_1_46' title='bbox 464 1200 536 1254; x_wconf 78' lang='lat' dir='ltr'><strong>partu</strong></span> <span class='ocrx_word' id='word_1_47' title='bbox 546 1191 614 1240; x_wconf 77' lang='lat' dir='ltr'><strong>dabit</strong></span> <span class='ocrx_word' id='word_1_48' title='bbox 626 1191 673 1241; x_wconf 82' lang='lat' dir='ltr'><strong>lna</strong></span> <span class='ocrx_word' id='word_1_49' title='bbox 683 1194 786 1255; x_wconf 90' lang='lat' dir='ltr'><strong>prolem.</strong></span> <span class='ocrx_word' id='word_1_50' title='bbox 879 1217 882 1222; x_wconf 91' lang='lat'>·</span> 
     </span>
     <span class='ocr_line' id='line_1_9' title="bbox 148 1280 674 1343; baseline 0.004 -15"><span class='ocrx_word' id='word_1_51' title='bbox 148 1280 208 1329; x_wconf 89' lang='lat' dir='ltr'><strong>lude</strong></span> <span class='ocrx_word' id='word_1_52' title='bbox 218 1281 282 1343; x_wconf 83' lang='lat' dir='ltr'><strong>lupae</strong></span> <span class='ocrx_word' id='word_1_53' title='bbox 294 1281 360 1330; x_wconf 83' lang='lat' dir='ltr'><strong>fulvo</strong></span> <span class='ocrx_word' id='word_1_54' title='bbox 371 1280 472 1329; x_wconf 87' lang='lat' dir='ltr'><strong>nutricis</strong></span> <span class='ocrx_word' id='word_1_55' title='bbox 484 1282 592 1342; x_wconf 82' lang='lat' dir='ltr'><strong>tegmine</strong></span> <span class='ocrx_word' id='word_1_56' title='bbox 602 1283 674 1330; x_wconf 74' lang='lat' dir='ltr'><strong>lutus</strong></span> 
     </span>
    </p>

    <p class='ocr_par' dir='ltr' id='par_1_5' title="bbox 148 1369 768 1521">
     <span class='ocr_line' id='line_1_10' title="bbox 148 1369 768 1433; baseline 0.002 -15"><span class='ocrx_word' id='word_1_57' title='bbox 148 1371 268 1419; x_wconf 80' lang='lat' dir='ltr'><strong>Romulus</strong></span> <span class='ocrx_word' id='word_1_58' title='bbox 279 1369 383 1433; x_wconf 81' lang='lat' dir='ltr'><strong>excipiet</strong></span> <span class='ocrx_word' id='word_1_59' title='bbox 393 1378 500 1431; x_wconf 78' lang='lat' dir='ltr'>gentem,</span> <span class='ocrx_word' id='word_1_60' title='bbox 512 1377 537 1418; x_wconf 85' lang='lat' dir='ltr'><strong>et</strong></span> <span class='ocrx_word' id='word_1_61' title='bbox 549 1369 673 1418; x_wconf 82' lang='lat' dir='ltr'><strong>Mavortia</strong></span> <span class='ocrx_word' id='word_1_62' title='bbox 679 1371 768 1419; x_wconf 83' lang='lat' dir='ltr'><strong>condet</strong></span> 
     </span>
     <span class='ocr_line' id='line_1_11' title="bbox 148 1456 724 1521; baseline -0.002 -13"><span class='ocrx_word' id='word_1_63' title='bbox 148 1459 254 1520; x_wconf 80' lang='lat' dir='ltr'><strong>llloenie,</strong></span> <span class='ocrx_word' id='word_1_64' title='bbox 266 1460 437 1521; x_wconf 76' lang='lat' dir='ltr'><strong>Romanosque</strong></span> <span class='ocrx_word' id='word_1_65' title='bbox 445 1472 490 1507; x_wconf 87' lang='lat' dir='ltr'><strong>suo</strong></span> <span class='ocrx_word' id='word_1_66' title='bbox 500 1459 530 1507; x_wconf 88' lang='lat' dir='ltr'><strong>de</strong></span> <span class='ocrx_word' id='word_1_67' title='bbox 540 1458 643 1506; x_wconf 87' lang='lat' dir='ltr'><strong>nomine</strong></span> <span class='ocrx_word' id='word_1_68' title='bbox 652 1456 724 1507; x_wconf 85' lang='lat' dir='ltr'><strong>dicet.</strong></span> 
     </span>
    </p>

    <p class='ocr_par' dir='ltr' id='par_1_6' title="bbox 145 1548 756 1702">
     <span class='ocr_line' id='line_1_12' title="bbox 149 1548 754 1610; baseline -0.005 -13"><span class='ocrx_word' id='word_1_69' title='bbox 149 1548 195 1597; x_wconf 85' lang='lat' dir='ltr'><strong>llis</strong></span> <span class='ocrx_word' id='word_1_70' title='bbox 206 1562 251 1610; x_wconf 81' lang='lat' dir='ltr'><strong>ego</strong></span> <span class='ocrx_word' id='word_1_71' title='bbox 263 1563 307 1597; x_wconf 84' lang='lat' dir='ltr'><strong>nec</strong></span> <span class='ocrx_word' id='word_1_72' title='bbox 317 1555 393 1596; x_wconf 79' lang='lat' dir='ltr'><strong>metus</strong></span> <span class='ocrx_word' id='word_1_73' title='bbox 400 1561 484 1596; x_wconf 83' lang='lat' dir='ltr'><strong>rerum</strong></span> <span class='ocrx_word' id='word_1_74' title='bbox 495 1561 540 1596; x_wconf 88' lang='lat' dir='ltr'><strong>nec</strong></span> <span class='ocrx_word' id='word_1_75' title='bbox 550 1553 663 1608; x_wconf 77' lang='lat' dir='ltr'><strong>tempora</strong></span> <span class='ocrx_word' id='word_1_76' title='bbox 672 1559 754 1608; x_wconf 78' lang='lat' dir='ltr'><strong>pono3</strong></span> 
     </span>
     <span class='ocr_line' id='line_1_13' title="bbox 145 1635 756 1702; baseline -0.005 -15"><span class='ocrx_word' id='word_1_77' title='bbox 145 1638 277 1702; x_wconf 86' lang='lat' dir='ltr'><strong>Imperium</strong></span> <span class='ocrx_word' id='word_1_78' title='bbox 288 1637 341 1686; x_wconf 87' lang='lat' dir='ltr'><strong>siue</strong></span> <span class='ocrx_word' id='word_1_79' title='bbox 352 1637 401 1686; x_wconf 84' lang='lat' dir='ltr'><strong>fine</strong></span> <span class='ocrx_word' id='word_1_80' title='bbox 412 1636 475 1685; x_wconf 83' lang='lat' dir='ltr'><strong>dedi.</strong></span> <span class='ocrx_word' id='word_1_81' title='bbox 503 1635 569 1691; x_wconf 83' lang='lat' dir='ltr'><strong>Quin</strong></span> <span class='ocrx_word' id='word_1_82' title='bbox 581 1648 667 1697; x_wconf 80' lang='lat' dir='ltr'><strong>aspera</strong></span> <span class='ocrx_word' id='word_1_83' title='bbox 677 1636 756 1696; x_wconf 80' lang='lat' dir='ltr'><strong>luno,</strong></span> 
     </span>
    </p>

    <p class='ocr_par' dir='ltr' id='par_1_7' title="bbox 146 1723 841 2500">
     <span class='ocr_line' id='line_1_14' title="bbox 147 1723 827 1788; baseline -0.004 -12"><span class='ocrx_word' id='word_1_84' title='bbox 147 1730 209 1783; x_wconf 82' lang='lat' dir='ltr'><strong>Quae</strong></span> <span class='ocrx_word' id='word_1_85' title='bbox 220 1741 287 1778; x_wconf 84' lang='lat' dir='ltr'><strong>mure</strong></span> <span class='ocrx_word' id='word_1_86' title='bbox 296 1741 360 1776; x_wconf 87' lang='lat' dir='ltr'><strong>nunc</strong></span> <span class='ocrx_word' id='word_1_87' title='bbox 371 1733 495 1788; x_wconf 79' lang='lat' dir='ltr'><strong>terresque</strong></span> <span class='ocrx_word' id='word_1_88' title='bbox 507 1733 573 1774; x_wconf 91' lang='lat' dir='ltr'><strong>metu</strong></span> <span class='ocrx_word' id='word_1_89' title='bbox 586 1725 725 1787; x_wconf 85' lang='lat' dir='ltr'><strong>coelumque</strong></span> <span class='ocrx_word' id='word_1_90' title='bbox 732 1723 827 1786; x_wconf 74' lang='lat' dir='ltr'><strong>fatigat,</strong></span> 
     </span>
     <span class='ocr_line' id='line_1_15' title="bbox 148 1813 777 1876; baseline -0.006 -10"><span class='ocrx_word' id='word_1_91' title='bbox 148 1815 259 1867; x_wconf 81' lang='lat' dir='ltr'><strong>Consilia</strong></span> <span class='ocrx_word' id='word_1_92' title='bbox 280 1815 306 1864; x_wconf 88' lang='lat' dir='ltr'><strong>in</strong></span> <span class='ocrx_word' id='word_1_93' title='bbox 318 1814 405 1864; x_wconf 79' lang='lat' dir='ltr'><strong>melius</strong></span> <span class='ocrx_word' id='word_1_94' title='bbox 417 1814 516 1874; x_wconf 83' lang='lat' dir='ltr'><strong>referet,</strong></span> <span class='ocrx_word' id='word_1_95' title='bbox 529 1827 673 1876; x_wconf 84' lang='lat' dir='ltr'><strong>mecumque</strong></span> <span class='ocrx_word' id='word_1_96' title='bbox 684 1813 777 1863; x_wconf 86' lang='lat' dir='ltr'><strong>fovebit</strong></span> 
     </span>
     <span class='ocr_line' id='line_1_16' title="bbox 149 1903 797 1966; baseline -0.006 -11"><span class='ocrx_word' id='word_1_97' title='bbox 149 1908 282 1966; x_wconf 82' lang='lat' dir='ltr'><strong>Romanos,</strong></span> <span class='ocrx_word' id='word_1_98' title='bbox 295 1919 377 1953; x_wconf 89' lang='lat' dir='ltr'><strong>rerum</strong></span> <span class='ocrx_word' id='word_1_99' title='bbox 390 1903 514 1964; x_wconf 87' lang='lat' dir='ltr'><strong>dominos,</strong></span> <span class='ocrx_word' id='word_1_100' title='bbox 526 1911 670 1966; x_wconf 77' lang='lat' dir='ltr'><strong>gentemque</strong></span> <span class='ocrx_word' id='word_1_101' title='bbox 681 1911 797 1966; x_wconf 75' lang='lat' dir='ltr'><strong>togatum.</strong></span> 
     </span>
     <span class='ocr_line' id='line_1_17' title="bbox 147 1993 765 2059; baseline -0.002 -14"><span class='ocrx_word' id='word_1_102' title='bbox 147 1996 187 2046; x_wconf 87' lang='lat' dir='ltr'><strong>Sic</strong></span> <span class='ocrx_word' id='word_1_103' title='bbox 195 1994 319 2059; x_wconf 80' lang='lat' dir='ltr'><strong>placitum.</strong></span> <span class='ocrx_word' id='word_1_104' title='bbox 353 1993 441 2043; x_wconf 86' lang='lat' dir='ltr'><strong>Veniet</strong></span> <span class='ocrx_word' id='word_1_105' title='bbox 451 1993 536 2043; x_wconf 87' lang='lat' dir='ltr'><strong>lustris</strong></span> <span class='ocrx_word' id='word_1_106' title='bbox 547 1995 685 2044; x_wconf 81' lang='lat' dir='ltr'><strong>labentibus</strong></span> <span class='ocrx_word' id='word_1_107' title='bbox 696 2001 765 2055; x_wconf 68' lang='lat' dir='ltr'><strong>ens,</strong></span> 
     </span>
     <span class='ocr_line' id='line_1_18' title="bbox 147 2081 841 2146; baseline -0.006 -12"><span class='ocrx_word' id='word_1_108' title='bbox 147 2088 229 2141; x_wconf 87' lang='lat' dir='ltr'><strong>Quum</strong></span> <span class='ocrx_word' id='word_1_109' title='bbox 242 2085 329 2134; x_wconf 84' lang='lat' dir='ltr'><strong>domus</strong></span> <span class='ocrx_word' id='word_1_110' title='bbox 340 2081 452 2132; x_wconf 76' lang='lat' dir='ltr'><strong>Assaraci</strong></span> <span class='ocrx_word' id='word_1_111' title='bbox 464 2081 579 2131; x_wconf 76' lang='lat' dir='ltr'><strong>Phthiam</strong></span> <span class='ocrx_word' id='word_1_112' title='bbox 590 2083 715 2144; x_wconf 79' lang='lat' dir='ltr'><strong>clarasque</strong></span> <span class='ocrx_word' id='word_1_113' title='bbox 726 2083 841 2146; x_wconf 78' lang='lat' dir='ltr'><strong>Mycenes</strong></span> 
     </span>
     <span class='ocr_line' id='line_1_19' title="bbox 146 2171 753 2237; baseline -0.008 -12"><span class='ocrx_word' id='word_1_114' title='bbox 146 2174 251 2225; x_wconf 80' lang='lat' dir='ltr'><strong>Servilio</strong></span> <span class='ocrx_word' id='word_1_115' title='bbox 261 2180 406 2237; x_wconf 82' lang='lat' dir='ltr'><strong>premet,=uc</strong></span> <span class='ocrx_word' id='word_1_116' title='bbox 416 2172 485 2222; x_wconf 82' lang='lat' dir='ltr'><strong>victis</strong></span> <span class='ocrx_word' id='word_1_117' title='bbox 495 2171 661 2221; x_wconf 73' lang='lat' dir='ltr'><strong>dominabitur</strong></span> <span class='ocrx_word' id='word_1_118' title='bbox 672 2171 753 2233; x_wconf 76' lang='lat' dir='ltr'><strong>Argis.</strong></span> 
     </span>
     <span class='ocr_line' id='line_1_20' title="bbox 148 2259 723 2325; baseline -0.009 -13"><span class='ocrx_word' id='word_1_119' title='bbox 148 2265 267 2316; x_wconf 77' lang='lat' dir='ltr'><strong>Nascetur</strong></span> <span class='ocrx_word' id='word_1_120' title='bbox 277 2263 380 2325; x_wconf 83' lang='lat' dir='ltr'><strong>pulchra</strong></span> <span class='ocrx_word' id='word_1_121' title='bbox 390 2262 513 2322; x_wconf 69' lang='lat' dir='ltr'><strong>&#39;linimus</strong></span> <span class='ocrx_word' id='word_1_122' title='bbox 525 2259 620 2321; x_wconf 79' lang='lat' dir='ltr'><strong>origine</strong></span> <span class='ocrx_word' id='word_1_123' title='bbox 631 2259 723 2319; x_wconf 77' lang='lat' dir='ltr'><strong>Cesar,</strong></span> 
     </span>
     <span class='ocr_line' id='line_1_21' title="bbox 148 2341 788 2415; baseline -0.006 -15"><span class='ocrx_word' id='word_1_124' title='bbox 148 2350 281 2415; x_wconf 87' lang='lat' dir='ltr'><strong>Imperium</strong></span> <span class='ocrx_word' id='word_1_125' title='bbox 291 2341 401 2410; x_wconf 76' lang='lat' dir='ltr'><strong>Oceano,</strong></span> <span class='ocrx_word' id='word_1_126' title='bbox 413 2349 505 2398; x_wconf 80' lang='lat' dir='ltr'><strong>lamam</strong></span> <span class='ocrx_word' id='word_1_127' title='bbox 517 2347 559 2411; x_wconf 91' lang='lat' dir='ltr'><strong>qul</strong></span> <span class='ocrx_word' id='word_1_128' title='bbox 570 2346 687 2396; x_wconf 84' lang='lat' dir='ltr'><strong>terminet</strong></span> <span class='ocrx_word' id='word_1_129' title='bbox 697 2345 788 2409; x_wconf 56' lang='lat' dir='ltr'><strong>sutrin</strong></span> 
     </span>
     <span class='ocr_line' id='line_1_22' title="bbox 147 2436 691 2500; baseline -0.011 -10"><span class='ocrx_word' id='word_1_130' title='bbox 147 2439 240 2500; x_wconf 85' lang='lat' dir='ltr'><strong>Julius,</strong></span> <span class='ocrx_word' id='word_1_131' title='bbox 253 2452 268 2488; x_wconf 81' lang='grc' dir='ltr'><strong>ιι</strong></span> <span class='ocrx_word' id='word_1_132' title='bbox 279 2452 366 2500; x_wconf 78' lang='lat' dir='ltr'><strong>magno</strong></span> <span class='ocrx_word' id='word_1_133' title='bbox 377 2437 510 2487; x_wconf 81' lang='lat' dir='ltr'><strong>demissum</strong></span> <span class='ocrx_word' id='word_1_134' title='bbox 522 2450 612 2486; x_wconf 87' lang='lat' dir='ltr'><strong>nomen</strong></span> <span class='ocrx_word' id='word_1_135' title='bbox 624 2436 691 2484; x_wconf 85' lang='lat' dir='ltr'><strong>lnlo:</strong></span> 
     </span>
    </p>

    <p class='ocr_par' dir='ltr' id='par_1_8' title="bbox 147 2524 775 2774">
     <span class='ocr_line' id='line_1_23' title="bbox 148 2524 775 2591; baseline -0.013 -12"><span class='ocrx_word' id='word_1_136' title='bbox 148 2531 220 2579; x_wconf 88' lang='lat' dir='ltr'><strong>Hunc</strong></span> <span class='ocrx_word' id='word_1_137' title='bbox 231 2537 258 2578; x_wconf 87' lang='lat' dir='ltr'><strong>tu</strong></span> <span class='ocrx_word' id='word_1_138' title='bbox 270 2528 330 2578; x_wconf 89' lang='lat' dir='ltr'><strong>olim</strong></span> <span class='ocrx_word' id='word_1_139' title='bbox 342 2529 416 2588; x_wconf 84' lang='lat' dir='ltr'><strong>coelo,</strong></span> <span class='ocrx_word' id='word_1_140' title='bbox 428 2527 515 2591; x_wconf 83' lang='lat' dir='ltr'><strong>spoliis</strong></span> <span class='ocrx_word' id='word_1_141' title='bbox 527 2524 637 2576; x_wconf 78' lang='lat' dir='ltr'><strong>Orientis</strong></span> <span class='ocrx_word' id='word_1_142' title='bbox 648 2530 775 2583; x_wconf 87' lang='lat' dir='ltr'><strong>onustum,</strong></span> 
     </span>
     <span class='ocr_line' id='line_1_24' title="bbox 148 2612 750 2682; baseline -0.015 -13"><span class='ocrx_word' id='word_1_143' title='bbox 148 2619 260 2682; x_wconf 84' lang='lat' dir='ltr'><strong>Adcipies</strong></span> <span class='ocrx_word' id='word_1_144' title='bbox 267 2631 370 2680; x_wconf 79' lang='lat' dir='ltr'><strong>secura3</strong></span> <span class='ocrx_word' id='word_1_145' title='bbox 387 2617 511 2666; x_wconf 77' lang='lat' dir='ltr'><strong>nocebitur</strong></span> <span class='ocrx_word' id='word_1_146' title='bbox 521 2615 561 2664; x_wconf 95' lang='lat' dir='ltr'><strong>hic</strong></span> <span class='ocrx_word' id='word_1_147' title='bbox 568 2627 666 2676; x_wconf 87' lang='lat' dir='ltr'><strong>quoque</strong></span> <span class='ocrx_word' id='word_1_148' title='bbox 676 2612 750 2661; x_wconf 85' lang='lat' dir='ltr'><strong>votis.</strong></span> 
     </span>
     <span class='ocr_line' id='line_1_25' title="bbox 147 2703 736 2774; baseline -0.012 -15"><span class='ocrx_word' id='word_1_149' title='bbox 147 2712 242 2774; x_wconf 80' lang='lat' dir='ltr'><strong>Aspera</strong></span> <span class='ocrx_word' id='word_1_150' title='bbox 252 2717 305 2758; x_wconf 89' lang='lat' dir='ltr'><strong>tum</strong></span> <span class='ocrx_word' id='word_1_151' title='bbox 317 2707 404 2771; x_wconf 83' lang='lat' dir='ltr'><strong>positis</strong></span> <span class='ocrx_word' id='word_1_152' title='bbox 417 2707 545 2755; x_wconf 88' lang='lat' dir='ltr'><strong>mitescent</strong></span> <span class='ocrx_word' id='word_1_153' title='bbox 555 2706 646 2754; x_wconf 82' lang='lat' dir='ltr'><strong>saecula</strong></span> <span class='ocrx_word' id='word_1_154' title='bbox 656 2703 736 2753; x_wconf 85' lang='lat' dir='ltr'><strong>bellis.</strong></span> 
     </span>
    </p>

    <p class='ocr_par' dir='ltr' id='par_1_9' title="bbox 148 2791 843 3034">
     <span class='ocr_line' id='line_1_26' title="bbox 150 2791 843 2858; baseline -0.01 -11"><span class='ocrx_word' id='word_1_155' title='bbox 150 2798 218 2847; x_wconf 84' lang='lat' dir='ltr'><strong>Cena</strong></span> <span class='ocrx_word' id='word_1_156' title='bbox 226 2796 307 2858; x_wconf 86' lang='lat' dir='ltr'><strong>Fides,</strong></span> <span class='ocrx_word' id='word_1_157' title='bbox 318 2803 344 2846; x_wconf 84' lang='lat' dir='ltr'><strong>et</strong></span> <span class='ocrx_word' id='word_1_158' title='bbox 354 2797 435 2853; x_wconf 81' lang='lat' dir='ltr'><strong>Veste,</strong></span> <span class='ocrx_word' id='word_1_159' title='bbox 450 2797 527 2844; x_wconf 83' lang='lat' dir='ltr'><strong>Remo</strong></span> <span class='ocrx_word' id='word_1_160' title='bbox 538 2808 595 2843; x_wconf 89' lang='lat' dir='ltr'><strong>cum</strong></span> <span class='ocrx_word' id='word_1_161' title='bbox 607 2794 683 2842; x_wconf 82' lang='lat' dir='ltr'><strong>fratre</strong></span> <span class='ocrx_word' id='word_1_162' title='bbox 694 2791 822 2851; x_wconf 73' lang='lat' dir='ltr'><strong>Quirinus,</strong></span> <span class='ocrx_word' id='word_1_163' title='bbox 839 2816 843 2822; x_wconf 92' lang='lat'>·</span> 
     </span>
     <span class='ocr_line' id='line_1_27' title="bbox 148 2880 755 2950; baseline -0.013 -13"><span class='ocrx_word' id='word_1_164' title='bbox 148 2890 210 2938; x_wconf 74' lang='grc' dir='ltr'><strong>ιΙιιιιι</strong></span> <span class='ocrx_word' id='word_1_165' title='bbox 220 2887 314 2936; x_wconf 79' lang='lat' dir='ltr'><strong>dubunt</strong></span> <span class='ocrx_word' id='word_1_166' title='bbox 326 2907 334 2950; x_wconf 87' lang='lat'>;</span> <span class='ocrx_word' id='word_1_167' title='bbox 351 2885 410 2935; x_wconf 83' lang='lat' dir='ltr'><strong>dirae</strong></span> <span class='ocrx_word' id='word_1_168' title='bbox 422 2885 488 2934; x_wconf 85' lang='lat' dir='ltr'><strong>ferro</strong></span> <span class='ocrx_word' id='word_1_169' title='bbox 499 2892 525 2933; x_wconf 82' lang='lat' dir='ltr'><strong>et</strong></span> <span class='ocrx_word' id='word_1_170' title='bbox 534 2882 682 2946; x_wconf 72' lang='lat' dir='ltr'><strong>conpagibus</strong></span> <span class='ocrx_word' id='word_1_171' title='bbox 688 2880 755 2930; x_wconf 80' lang='lat' dir='ltr'><strong>urtis</strong></span> 
     </span>
     <span class='ocr_line' id='line_1_28' title="bbox 148 2969 750 3034; baseline -0.017 -7"><span class='ocrx_word' id='word_1_172' title='bbox 148 2977 299 3028; x_wconf 80' lang='lat' dir='ltr'><strong>claudentur</strong></span> <span class='ocrx_word' id='word_1_173' title='bbox 310 2975 374 3026; x_wconf 87' lang='lat' dir='ltr'><strong>Belli</strong></span> <span class='ocrx_word' id='word_1_174' title='bbox 397 2982 473 3023; x_wconf 71' lang='lat' dir='ltr'><strong>ortu:</strong></span> <span class='ocrx_word' id='word_1_175' title='bbox 493 2975 571 3022; x_wconf 84' lang='lat' dir='ltr'><strong>Furor</strong></span> <span class='ocrx_word' id='word_1_176' title='bbox 582 2972 663 3034; x_wconf 81' lang='lat' dir='ltr'><strong>inpius</strong></span> <span class='ocrx_word' id='word_1_177' title='bbox 674 2969 750 3028; x_wconf 86' lang='lat' dir='ltr'><strong>intus,</strong></span> 
     </span>
    </p>

    <p class='ocr_par' dir='ltr' id='par_1_10' title="bbox 146 3053 816 3127">
     <span class='ocr_line' id='line_1_29' title="bbox 146 3053 816 3127; baseline -0.018 -10"><span class='ocrx_word' id='word_1_178' title='bbox 146 3067 215 3116; x_wconf 75' lang='lat' dir='ltr'><strong>Saeva</strong></span> <span class='ocrx_word' id='word_1_179' title='bbox 225 3066 311 3115; x_wconf 81' lang='lat' dir='ltr'><strong>redens</strong></span> <span class='ocrx_word' id='word_1_180' title='bbox 323 3077 396 3127; x_wconf 84' lang='lat' dir='ltr'><strong>super</strong></span> <span class='ocrx_word' id='word_1_181' title='bbox 407 3075 485 3121; x_wconf 80' lang='lat' dir='ltr'><strong>arma,</strong></span> <span class='ocrx_word' id='word_1_182' title='bbox 499 3070 524 3110; x_wconf 89' lang='lat' dir='ltr'><strong>et</strong></span> <span class='ocrx_word' id='word_1_183' title='bbox 532 3068 631 3110; x_wconf 85' lang='lat' dir='ltr'><strong>centum</strong></span> <span class='ocrx_word' id='word_1_184' title='bbox 641 3058 738 3107; x_wconf 83' lang='lat' dir='ltr'><strong>vinctus</strong></span> <span class='ocrx_word' id='word_1_185' title='bbox 749 3053 816 3105; x_wconf 83' lang='lat' dir='ltr'><strong>aenis</strong></span> 
     </span>
    </p>

    <p class='ocr_par' dir='ltr' id='par_1_11' title="bbox 120 3149 806 3216">
     <span class='ocr_line' id='line_1_30' title="bbox 120 3149 806 3216; baseline -0.017 -12"><span class='ocrx_word' id='word_1_186' title='bbox 120 3175 126 3186; x_wconf 92' lang='lat'><strong>·</strong></span> <span class='ocrx_word' id='word_1_187' title='bbox 148 3155 206 3204; x_wconf 79' lang='lat' dir='ltr'><strong>Post</strong></span> <span class='ocrx_word' id='word_1_188' title='bbox 216 3161 311 3216; x_wconf 81' lang='lat' dir='ltr'><strong>tergum</strong></span> <span class='ocrx_word' id='word_1_189' title='bbox 323 3151 405 3213; x_wconf 81' lang='lat' dir='ltr'><strong>nodis,</strong></span> <span class='ocrx_word' id='word_1_190' title='bbox 419 3151 508 3200; x_wconf 84' lang='lat' dir='ltr'><strong>fremet</strong></span> <span class='ocrx_word' id='word_1_191' title='bbox 517 3149 633 3199; x_wconf 84' lang='lat' dir='ltr'><strong>horridus</strong></span> <span class='ocrx_word' id='word_1_192' title='bbox 641 3161 685 3197; x_wconf 85' lang='lat' dir='ltr'><strong>ore</strong></span> <span class='ocrx_word' id='word_1_193' title='bbox 695 3152 806 3195; x_wconf 81' lang='lat' dir='ltr'><strong>cruento.</strong></span> 
     </span>
    </p>
   </div>
   <div class='ocr_carea' id='block_1_3' title="bbox 0 0 1174 3734">
    <p class='ocr_par' dir='ltr' id='par_1_12' title="bbox 0 0 1174 3734">
     <span class='ocr_line' id='line_1_31' title="bbox 0 0 1174 3734; baseline 0 0"><span class='ocrx_word' id='word_1_194' title='bbox 0 0 1174 3734; x_wconf 95' lang='lat' dir='ltr'><strong> </strong></span> 
     </span>
    </p>
   </div>
  </div>
 </body>
</html>
