2334 3734
229 535 262 583 36
457 539 484 586 Ρ.
500 537 638 586 villelmi
655 535 808 586 MARONIS

263 664 372 714 Alternis
384 665 446 714 idem
456 673 539 714 tonsas
550 678 645 714 emente
655 665 760 724 novalia,

230 754 263 802 Et
274 767 371 814 segnem
383 755 474 817 pariere
484 754 533 803 situ
544 754 670 803 dmeseere
680 767 802 816 eampum.

230 844 281 891 Aul
291 842 325 891 ibi
336 843 398 892 flava
409 857 485 903 seres,
496 851 591 893 mutato
602 843 691 904 sidere,
702 843 779 901 farra,

233 931 305 981 Unde
316 932 382 996 prius
394 935 477 982 lantum
489 932 578 995 siliqua
587 939 718 994 quassante
728 933 852 993 legumen,

231 1023 282 1070 Aut
292 1022 372 1071 tenuis
384 1024 446 1072 fetus
458 1023 536 1084 viciae,
547 1022 672 1084 tristisque
681 1021 760 1085 lupini
828 1037 832 1042 ’

230 1112 362 1161 Susuderis
374 1113 471 1174 fragiles
482 1113 589 1161 calama
599 1112 732 1173 silvamque
743 1117 878 1159 sonantem.

231 1200 289 1250 Urit
299 1201 365 1249 enim
375 1201 420 1250 lini
430 1215 543 1265 eampum
555 1215 633 1262 seges,
644 1201 696 1249 urit
703 1214 802 1262 arenaeq

232 1291 316 1340 Urunt
326 1292 424 1340 Lethaeo
434 1292 531 1354 perfusa
541 1305 660 1354 papavera
670 1305 766 1340 mmuo.

232 1378 280 1428 Sed
290 1386 371 1428 tamen
383 1380 482 1428 alternis
494 1380 571 1429 facilis
581 1381 667 1428 labor:
685 1379 753 1427 arida
763 1385 858 1428 numm

232 1469 270 1516 Ne
281 1476 390 1518 sannam
402 1470 460 1517 fimo
471 1468 553 1532 pingui
565 1469 654 1532 pudent
663 1471 732 1531 eole3
750 1483 812 1518 neve

232 1557 323 1607 llffetns
333 1558 440 1607 cinerem
451 1559 597 1607 inmundum
603 1561 695 1619 jncnare
703 1573 746 1622 per
757 1572 836 1620 agros.

232 1646 272 1696 Sic
283 1661 377 1709 quoque
388 1648 487 1698 mntads
499 1649 652 1710 requiescunt
662 1648 751 1697 fetibus
762 1661 826 1696 arva

233 1737 284 1783 Nec
295 1736 363 1784 nulla
373 1736 465 1786 interea
475 1744 512 1786 est
523 1737 623 1786 inaratae
634 1736 711 1798 gratia
719 1744 800 1786 neme.

233 1824 301 1886 Saepe
311 1824 384 1874 etlam
396 1825 485 1874 sterilis
498 1826 626 1875 incendere
638 1826 731 1889 profuit
740 1840 821 1888 agros,

231 1915 311 1976 Atque
321 1915 398 1963 levem
410 1915 525 1978 stipulam
536 1902 710 1978 crepitantibus
720 1929 792 1964 urere
803 1915 923 1964 dammis:

232 2003 287 2052 Sive
299 2003 355 2052 inde
366 2005 471 2053 occultas
483 2005 546 2054 vires
557 2013 583 2054 et
593 2005 681 2067 pabula
691 2011 762 2052 nerrae

231 2090 333 2152 Pinguia
343 2093 497 2156 concipiuut3
515 2095 564 2143 sive
575 2093 626 2142 illis
637 2107 711 2142 omne
721 2108 765 2156 per
776 2092 858 2154 ignem

231 2181 382 2243 Excoquitur
392 2181 488 2242 vitium,
500 2190 571 2243 atque
582 2182 685 2230 exsudat
695 2181 790 2230 inutilis
800 2183 906 2244 humor3

233 2269 282 2318 Seu
292 2269 369 2331 pluris
380 2271 447 2318 calor
459 2269 501 2320 ille
511 2270 561 2318 vias
574 2278 599 2318 et
609 2284 672 2319 caena
683 2272 778 2319 relaxat

231 2356 393 2419 Spitamenta‚
405 2371 480 2406 novas
491 2358 572 2406 veniat
583 2373 631 2420 qua
641 2373 726 2408 monus
736 2359 762 2407 in
772 2359 877 2421 herbas3

232 2446 280 2494 Seu
291 2445 363 2494 durat
374 2446 460 2508 magis,
473 2455 497 2496 et
507 2461 579 2496 venas
591 2447 720 2510 adstringit
733 2446 837 2497 hiantis:

234 2536 272 2583 Ne
284 2543 368 2584 tenues
380 2536 479 2599 pluviae,
491 2534 599 2600 rapidive
609 2537 719 2599 ponenda
729 2539 788 2587 solis

230 2622 329 2684 Acrior,
342 2631 384 2673 aut
395 2626 480 2674 Boreae
494 2626 643 2688 penetrabile
650 2626 728 2686 frigus
739 2626 832 2674 adurat.

230 2712 342 2761 lllultum
354 2711 424 2773 adeo,
432 2713 517 2762 rastris
528 2714 609 2775 glebas
620 2713 663 2774 qui
673 2702 764 2774 frangitv
774 2714 870 2775 inertis,

230 2800 402 2865 vimineasque
413 2803 489 2852 trahit
498 2811 588 2862 crates,
596 2805 666 2863 Juvat
676 2815 749 2851 arva:
767 2817 845 2865 neque
856 2803 927 2852 illum

232 2889 305 2939 Flava
316 2891 390 2940 Ceres
403 2892 453 2940 altu
465 2890 628 2953 nequidquam
639 2897 730 2954 spectat
741 2891 865 2954 Olymp03

230 2980 262 3026 lln
273 2979 326 3040 qul,
338 2979 459 3042 proscisso
470 2993 524 3042 quae
536 2978 637 3029 suscitat
647 2994 745 3041 aequore
755 2988 832 3042 terga,

231 3068 324 3115 Rursus
334 3067 359 3115 iu
375 3067 501 3128 obliquum
514 3081 584 3116 verso
595 3069 731 3132 perrumpit
737 3078 829 3131 aratro,

230 3155 380 3216 Exercetque
392 3156 507 3216 frequens
518 3156 648 3219 tellurem,
658 3166 731 3221 atque
742 3159 846 3221 imperat
857 3160 928 3210 arnis.
