2334 3734
211 542 256 589 1⁰2
434 541 461 588 P·
479 535 618 588 vinoun
635 534 792 584 MARONIS

208 669 247 719 Fit
258 668 363 729 sonitus,
376 672 534 727 mussantque
545 678 602 714 oras
613 671 638 713 et
647 663 736 712 limina
744 663 848 712 circum.

207 759 277 819 Post,
290 757 332 806 ubi
340 759 393 818 jum
405 755 519 806 thalamis
532 769 558 803 se
569 767 730 817 conposuere,
743 753 829 802 siletur

208 848 237 896 in
249 853 357 905 noctem,
370 846 495 906 fessosque
505 857 579 907 sopor
591 857 649 892 suus
660 851 762 905 occupat
773 850 849 892 arten

209 938 261 985 Nec
271 949 329 984 vero
341 949 356 983 a
366 934 467 983 stabulis
480 933 562 996 pluvia
572 931 719 996 inpendente
730 933 847 982 recedunt

209 1024 327 1086 Longius,
340 1033 382 1073 aut
389 1023 497 1073 credunt
507 1025 571 1072 eoeio
583 1001 768 1072 adventantibus
779 1022 872 1086 surim

210 1113 259 1163 Sed
269 1113 361 1162 circum
373 1120 432 1160 tutae
444 1114 490 1161 sub
501 1112 624 1161 moenibus
635 1111 703 1160 urbis
716 1122 848 1174 aquanuu,

210 1203 381 1264 Excursusque
392 1202 472 1251 brevis
482 1209 589 1262 tentent,
600 1210 626 1250 et
637 1217 700 1265 saepe
709 1202 818 1266 lapillos,

212 1294 248 1342 Ut
258 1293 348 1356 cymbae
360 1291 487 1342 instabiles
499 1292 575 1341 ductu
583 1294 693 1353 jactante
703 1293 840 1353 saburram,

211 1382 329 1431 Tollunt:
347 1381 386 1431 his
398 1395 451 1432 sese
462 1395 506 1445 per
520 1381 605 1429 inania
616 1382 701 1430 nubila
711 1381 811 1457 librant.

213 1471 287 1519 illum
299 1471 360 1520 udeo
371 1471 491 1534 placuisse
500 1470 586 1533 apibus
597 1471 718 1520 mirabere
728 1485 835 1531 morem,

213 1560 285 1615 Quod
295 1574 340 1609 nec
351 1559 482 1609 concubitu
493 1559 632 1621 indulgent,
645 1574 689 1609 nec
696 1575 799 1624 corpora
810 1574 895 1622 segnes

213 1650 242 1696 in
254 1651 375 1698 Venerem
387 1649 496 1708 solvunt,
508 1655 551 1698 aut
562 1649 631 1697 fetus
641 1649 740 1698 nixibus
752 1649 844 1698 edunt:

213 1739 305 1786 Verum
316 1737 374 1800 ipsae
385 1751 399 1786 e
410 1737 476 1786 foliis
488 1745 559 1786 natos
571 1747 597 1786 et
607 1737 721 1787 suavibus
732 1737 815 1787 herbis

215 1829 266 1878 Ore
277 1828 360 1889 legunt
370 1847 379 1890 3
396 1827 454 1890 ipse
466 1840 547 1889 regem
559 1838 694 1890 parvosque
704 1827 812 1883 Quirites

215 1919 356 1980 Sufficiunt,
366 1920 482 1981 aulasque
493 1927 518 1968 et
529 1933 600 1968 cerea
610 1933 686 1980 regna
696 1919 829 1981 retingunt.

215 2011 283 2072 Saepe
294 2008 367 2058 edam
379 2008 447 2058 duris
458 2008 563 2058 errando
574 2008 601 2056 in
612 2009 707 2058 cotibus
719 2009 770 2058 alas

215 2099 353 2161 Adtrivere‚
365 2102 480 2161 ultroque
492 2097 600 2146 animam
612 2099 657 2147 sub
668 2099 734 2147 fasee
744 2097 846 2147 dedere:

213 2191 307 2239 'ianuis
318 2203 388 2238 amor
398 2189 498 2248 florum,
510 2196 535 2237 et
546 2187 678 2249 generandi
689 2187 768 2249 gloria
779 2188 869 2238 mellis.

248 2276 509 2340 Ergoipsasquamvis
521 2275 618 2338 angusti
628 2275 749 2325 terminus
759 2276 804 2325 aevi
937 2339 942 2353 ι

215 2364 341 2428 excipias:
359 2380 437 2426 neque
449 2364 516 2414 enim
526 2366 581 2428 pius
593 2372 705 2428 septumo
714 2365 812 2414 ducitur
822 2373 911 2416 restas:

216 2458 250 2504 At
262 2468 338 2516 genus
349 2453 479 2504 inmortale
491 2462 584 2514 manet,
597 2455 737 2515 multosque
746 2468 790 2517 per
801 2469 880 2505 annos

215 2546 269 2594 Stat
281 2544 389 2592 Fortuna
399 2543 497 2603 domus,
509 2550 534 2592 et
545 2541 582 2592 avi
595 2551 757 2592 numerantur
770 2557 881 2594 urorum.

216 2635 337 2682 Praeterea
347 2645 429 2693 regern
441 2646 491 2680 nou
503 2631 537 2680 sic
549 2632 666 2696 AEgyptos
677 2639 703 2681 et
711 2632 797 2692 ingens

216 2721 301 2786 Lydia,
314 2735 358 2770 nec
369 2720 453 2784 populi
465 2720 623 2781 Parthorum,
634 2728 677 2770 aut
686 2721 775 2770 Medus
786 2721 922 2785 Hydaspes,

218 2811 363 2860 Observant.
397 2809 460 2869 uage
472 2808 591 2857 incolumi
603 2823 672 2858 mens
684 2809 798 2860 omnibus
808 2824 860 2860 una
868 2821 906 2862 est
917 2833 927 2874 ς

219 2899 317 2947 Amisso
329 2910 417 2960 rupere
428 2897 512 2957 fidem,
523 2905 709 2958 constructaque
718 2898 794 2948 mella

217 2987 345 3050 Diripuere
352 2986 424 3050 ipsse,
435 2995 460 3036 et
470 2993 548 3036 crates
559 2988 655 3036 solvere
665 2987 787 3036 favorum.

217 3079 262 3126 llle
273 3091 375 3140 operum
385 3083 485 3139 custos3
501 3077 573 3126 iilum
580 3077 744 3137 adunantur,
755 3085 780 3127 et
790 3092 878 3128 omnes

217 3167 384 3215 Circumstant
394 3165 493 3214 fremitu
503 3166 590 3227 denso,
601 3165 740 3229 stipantque
749 3169 890 3230 frequem
900 3190 909 3231 ς
