2334 3734
218 510 235 555 2
446 511 474 557 r.
490 508 628 558 viamen
645 486 799 557 Minoris

223 639 342 687 l'rotenur
353 651 416 700 ager
427 651 488 699 ago,
505 637 568 685 banc
579 634 652 685 etiam
662 635 715 698 vix,
726 634 821 698 lityre,
832 634 902 685 duco.

222 726 268 776 llic
279 727 343 776 inter
354 726 440 776 densas
452 728 550 776 corulos
561 727 635 776 modo
646 741 751 789 namque
761 728 889 788 gemellos,

223 816 296 878 Spem
309 815 399 878 gregia,
411 816 456 865 ah!
476 815 543 864 silice
552 815 578 864 in
591 815 657 865 nuda
666 814 773 864 eonnin
783 815 890 878 reliquit.

223 905 291 967 Saepe
302 905 394 953 malum
406 905 453 953 boc
465 903 546 964 nobis,
558 904 579 952 ri
590 918 660 953 mena
672 917 723 952 non
734 904 795 952 laeva
805 903 901 964 suimet,

224 993 260 1041 De
270 993 334 1041 coelo
345 999 420 1041 tactae
432 992 533 1042 memini
544 992 675 1054 praebere
683 1005 794 1053 quereus.

222 1081 312 1144 *Saepe
323 1080 423 1130 sinistra
432 1089 491 1129 cava
499 1080 613 1143 praedixit
623 1081 654 1129 ab
664 1080 720 1129 ilioe
730 1078 827 1128 oornix.
834 1078 850 1109 ⁸

225 1169 274 1218 Sed
284 1177 376 1229 tamen,
388 1169 435 1218 iate
443 1169 504 1218 deus
516 1168 611 1232 quirit,
624 1169 665 1229 da,
675 1168 770 1231 litpre,
782 1167 862 1217 nobie.

257 1259 299 1306 Tr.
316 1258 420 1317 Urbem,
432 1272 504 1319 quam
517 1257 601 1306 dicunt
612 1259 726 1317 Romam,
738 1256 864 1317 Meliboee,
875 1254 957 1317 putavi

150 1399 155 1406 ,
226 1346 321 1395 Stultm
332 1359 376 1407 ego
386 1345 443 1394 huic
455 1352 546 1394 nortrae
557 1345 674 1406 similem,
686 1359 734 1407 qao
745 1359 809 1408 aaepe
820 1346 927 1394 solemus

227 1435 339 1482 Pastorea
352 1433 434 1482 ovium
445 1441 543 1482 teneros
554 1434 676 1497 depellere
687 1435 758 1483 saue.

228 1523 267 1573 Sic
277 1522 377 1572 canibus
387 1524 481 1572 catulos
492 1523 590 1584 similis,
601 1523 636 1572 aic
647 1523 765 1572 matribus
777 1522 860 1573 bredoa

228 1611 337 1673 Noram;
354 1610 389 1659 aie
400 1599 479 1674 p'arvir
489 1624 629 1673 conponere
639 1623 727 1671 magna
736 1612 853 1660 solebam.

228 1701 320 1749 Verum
331 1699 384 1748 haee
395 1707 489 1748 tantum
502 1699 562 1747 aliae
574 1699 639 1747 inter
649 1707 721 1762 eaput
733 1698 822 1747 extrrlit
831 1698 910 1760 urbia,

230 1790 355 1844 Quantum
365 1790 433 1838 lenta
443 1791 524 1838 nolent
535 1789 599 1837 inter
609 1789 712 1837 viburna
722 1788 838 1851 tapreaai.

261 1878 314 1926 Ma.
331 1878 364 1925 Et
374 1891 428 1938 quae
439 1885 508 1926 tanta
518 1877 565 1926 fuit
576 1879 680 1926 Romam
690 1877 736 1926 tibi
746 1891 832 1927 earm
841 1877 957 1927 ridendi?

262 1965 304 2012 Τι.
322 1963 444 2013 Libertaa=
461 1979 525 2026 quoe,
537 1978 601 2024 aera,
614 1971 695 2014 tamen
707 1965 816 2028 respexit
824 1966 946 2029 inertem,

232 2051 364 2102 Candidior
375 2060 501 2115 postquam
513 2045 625 2101 tondenti
634 2053 710 2102 barba
719 2053 837 2117 callebat,

231 2141 347 2204 Respexit
356 2148 449 2202 tamem
461 2142 570 2202 erlongo
582 2150 638 2204 port
648 2147 758 2206 tempore
767 2143 844 2204 venit,

232 2231 363 2293 Postquam
377 2245 421 2279 noa
433 2230 565 2294 Amaryllir
576 2230 659 2291 habet,
671 2231 773 2280 Galatea
780 2231 887 2294 reliquit.

232 2319 354 2380 Namque,
365 2319 458 2367 fatebor
470 2318 547 2379 enim,
557 2319 617 2370 dum
627 2333 668 2368 me
675 2320 775 2370 Galatea
784 2321 891 2382 oenebot,

234 2408 285 2456 Nec
297 2420 351 2470 sper
361 2407 479 2456 libertatis
491 2416 553 2470 erat,
566 2423 611 2459 nec
621 2423 680 2460 eura
689 2408 778 2474 peculi.

235 2496 350 2552 Quamvis
363 2499 440 2547 multa
449 2498 509 2547 meir
521 2499 600 2548 exiret
608 2499 707 2549 victima
715 2499 808 2563 aoeptir,

235 2585 334 2648 Pinguia
345 2594 370 2636 et
380 2587 479 2650 ingrata
489 2599 640 2651 premeretur
649 2604 733 2639 caetera
743 2590 812 2639 urbi=

237 2677 293 2724 Non
305 2691 420 2739 umquam
431 2679 509 2739 gravis
521 2693 569 2728 aere
577 2679 678 2729 domum
690 2679 751 2727 mihi
761 2679 848 2728 dexba
857 2678 958 2729 redibat

268 2767 321 2815 Ma.
339 2767 457 2827 Mirabar,
469 2769 526 2830 quil
537 2778 622 2819 maesta
631 2771 701 2829 deos,
712 2767 842 2832 Amarylli,
852 2781 967 2830 voearet,

237 2853 283 2904 Cui
294 2855 397 2918 pendere
409 2871 452 2905 sua
463 2859 579 2920 patereris
591 2858 617 2906 in
628 2858 715 2906 arbore
725 2871 807 2920 poma.

192 2935 195 2943 ’
236 2943 334 3006 'lityrua
345 2944 402 2994 hinc
413 2947 503 2996 aberat.
537 2949 597 3010 lprae
607 2955 642 3006 te,
652 2946 747 3010 lityre,
758 2946 841 3010 pinus,

237 3033 287 3096 lpsi
297 3041 322 3083 te
332 3035 422 3094 fontes,
434 3035 487 3098 ipra
496 3036 548 3085 hae
559 3037 668 3097 arbusta,
679 3037 804 3087 voetbant.

269 3123 310 3171 Tr.
329 3123 393 3178 Quid
405 3124 524 3174 laterem?
543 3125 730 3186 nequeam-titio
741 3140 781 3174 me
791 3125 859 3174 exire
870 3124 968 3183 libebat,
