<?xml version="1.0" encoding="UTF-8"?>
<!DOCTYPE html PUBLIC "-//W3C//DTD XHTML 1.0 Transitional//EN"
    "http://www.w3.org/TR/xhtml1/DTD/xhtml1-transitional.dtd">
<html xmlns="http://www.w3.org/1999/xhtml" xml:lang="en" lang="en">
 <head>
  <title>
</title>
<meta http-equiv="Content-Type" content="text/html;charset=utf-8" />
  <meta name='ocr-system' content='tesseract 3.04.00' />
  <meta name='ocr-capabilities' content='ocr_page ocr_carea ocr_par ocr_line ocrx_word'/>
</head>
<body>
  <div class='ocr_page' id='page_1' title='image "./publiivirgiliim00heyngoog/publiivirgiliim00heyngoog_0281.png"; bbox 0 0 2334 3734; ppageno 0'>
   <div class='ocr_carea' id='block_1_1' title="bbox 413 517 995 580">
    <p class='ocr_par' dir='ltr' id='par_1_1' title="bbox 413 517 995 580">
     <span class='ocr_line' id='line_1_1' title="bbox 413 517 995 580; baseline 0.014 -9"><span class='ocrx_word' id='word_1_1' title='bbox 413 523 573 573; x_wconf 74' lang='lat' dir='ltr'><strong>AEriltloos</strong></span> <span class='ocrx_word' id='word_1_2' title='bbox 590 517 653 574; x_wconf 74' lang='lat' dir='ltr'><strong>tili.</strong></span> <span class='ocrx_word' id='word_1_3' title='bbox 669 525 713 574; x_wconf 87' lang='lat' dir='ltr'><strong>Vl.</strong></span> <span class='ocrx_word' id='word_1_4' title='bbox 921 531 969 580; x_wconf 80' lang='lat'><strong>269</strong></span> <span class='ocrx_word' id='word_1_5' title='bbox 990 524 995 535; x_wconf 73' lang='grc'><strong><em>’</em></strong></span> 
     </span>
    </p>
   </div>
   <div class='ocr_carea' id='block_1_2' title="bbox 141 650 945 3222">
    <p class='ocr_par' dir='ltr' id='par_1_2' title="bbox 141 650 892 2241">
     <span class='ocr_line' id='line_1_2' title="bbox 166 650 716 717; baseline 0.005 -18"><span class='ocrx_word' id='word_1_6' title='bbox 166 651 256 700; x_wconf 78' lang='lat' dir='ltr'><strong>Luctus</strong></span> <span class='ocrx_word' id='word_1_7' title='bbox 266 658 292 700; x_wconf 88' lang='lat' dir='ltr'><strong>et</strong></span> <span class='ocrx_word' id='word_1_8' title='bbox 301 650 401 700; x_wconf 79' lang='lat' dir='ltr'><strong>ultriees</strong></span> <span class='ocrx_word' id='word_1_9' title='bbox 411 665 515 714; x_wconf 75' lang='lat' dir='ltr'>posuere</span> <span class='ocrx_word' id='word_1_10' title='bbox 524 653 616 701; x_wconf 85' lang='lat' dir='ltr'><strong>cubilia</strong></span> <span class='ocrx_word' id='word_1_11' title='bbox 627 655 698 703; x_wconf 82' lang='lat' dir='ltr'><strong>curae</strong></span> <span class='ocrx_word' id='word_1_12' title='bbox 707 674 716 717; x_wconf 83' lang='lat'>3</span> 
     </span>
     <span class='ocr_line' id='line_1_3' title="bbox 165 741 836 808; baseline 0.009 -18"><span class='ocrx_word' id='word_1_13' title='bbox 165 741 335 803; x_wconf 75' lang='lat' dir='ltr'><strong>Pallentesque</strong></span> <span class='ocrx_word' id='word_1_14' title='bbox 346 742 457 792; x_wconf 86' lang='lat' dir='ltr'><strong>habitant</strong></span> <span class='ocrx_word' id='word_1_15' title='bbox 467 743 561 803; x_wconf 82' lang='lat' dir='ltr'><strong>Morbi,</strong></span> <span class='ocrx_word' id='word_1_16' title='bbox 572 743 698 806; x_wconf 81' lang='lat' dir='ltr'><strong>tristisque</strong></span> <span class='ocrx_word' id='word_1_17' title='bbox 709 746 836 808; x_wconf 81' lang='lat' dir='ltr'>Senectus,</span> 
     </span>
     <span class='ocr_line' id='line_1_4' title="bbox 164 831 851 899; baseline 0.007 -19"><span class='ocrx_word' id='word_1_18' title='bbox 164 831 198 880; x_wconf 81' lang='lat' dir='ltr'><strong>Et</strong></span> <span class='ocrx_word' id='word_1_19' title='bbox 208 832 301 892; x_wconf 87' lang='lat' dir='ltr'><strong>Metus,</strong></span> <span class='ocrx_word' id='word_1_20' title='bbox 312 839 338 880; x_wconf 90' lang='lat' dir='ltr'><strong>et</strong></span> <span class='ocrx_word' id='word_1_21' title='bbox 348 832 487 881; x_wconf 73' lang='lat' dir='ltr'><strong>malesuada</strong></span> <span class='ocrx_word' id='word_1_22' title='bbox 497 835 594 892; x_wconf 78' lang='lat' dir='ltr'><strong>Fames,</strong></span> <span class='ocrx_word' id='word_1_23' title='bbox 606 847 633 881; x_wconf 87' lang='lat' dir='ltr'><strong>ac</strong></span> <span class='ocrx_word' id='word_1_24' title='bbox 645 833 722 895; x_wconf 82' lang='lat' dir='ltr'><strong>turpis</strong></span> <span class='ocrx_word' id='word_1_25' title='bbox 734 835 851 899; x_wconf 63' lang='lat' dir='ltr'><strong>Egesta-33</strong></span> 
     </span>
     <span class='ocr_line' id='line_1_5' title="bbox 164 905 793 990; baseline 0.01 -21"><span class='ocrx_word' id='word_1_26' title='bbox 164 905 297 970; x_wconf 82' lang='lat' dir='ltr'><strong>Terribiles</strong></span> <span class='ocrx_word' id='word_1_27' title='bbox 308 923 361 971; x_wconf 82' lang='lat' dir='ltr'><strong>visu</strong></span> <span class='ocrx_word' id='word_1_28' title='bbox 372 922 475 985; x_wconf 81' lang='lat' dir='ltr'><strong>iormae3</strong></span> <span class='ocrx_word' id='word_1_29' title='bbox 493 925 638 986; x_wconf 77' lang='lat' dir='ltr'><strong>Letumque,</strong></span> <span class='ocrx_word' id='word_1_30' title='bbox 649 925 775 987; x_wconf 84' lang='lat' dir='ltr'><strong>Labosque</strong></span> <span class='ocrx_word' id='word_1_31' title='bbox 785 946 793 990; x_wconf 80' lang='lat'>3</span> 
     </span>
     <span class='ocr_line' id='line_1_6' title="bbox 164 1004 826 1077; baseline 0.009 -17"><span class='ocrx_word' id='word_1_32' title='bbox 164 1012 229 1060; x_wconf 77' lang='lat' dir='ltr'><strong>&#39;l&#39;um</strong></span> <span class='ocrx_word' id='word_1_33' title='bbox 241 1013 436 1074; x_wconf 73' lang='lat' dir='ltr'><strong>consanguineus</strong></span> <span class='ocrx_word' id='word_1_34' title='bbox 448 1013 500 1062; x_wconf 77' lang='lat' dir='ltr'><strong>teti</strong></span> <span class='ocrx_word' id='word_1_35' title='bbox 512 1015 609 1077; x_wconf 79' lang='lat' dir='ltr'><strong>Sopor3</strong></span> <span class='ocrx_word' id='word_1_36' title='bbox 626 1023 651 1063; x_wconf 89' lang='lat' dir='ltr'><strong>et</strong></span> <span class='ocrx_word' id='word_1_37' title='bbox 662 1004 727 1064; x_wconf 81' lang='lat' dir='ltr'><strong>mala</strong></span> <span class='ocrx_word' id='word_1_38' title='bbox 737 1017 826 1066; x_wconf 85' lang='lat' dir='ltr'><strong>mentis</strong></span> 
     </span>
     <span class='ocr_line' id='line_1_7' title="bbox 165 1100 862 1168; baseline 0.009 -20"><span class='ocrx_word' id='word_1_39' title='bbox 165 1100 277 1164; x_wconf 81' lang='lat' dir='ltr'><strong>Gaudia3</strong></span> <span class='ocrx_word' id='word_1_40' title='bbox 295 1101 496 1164; x_wconf 76' lang='lat' dir='ltr'><strong>mortiferumque</strong></span> <span class='ocrx_word' id='word_1_41' title='bbox 507 1103 609 1152; x_wconf 82' lang='lat' dir='ltr'><strong>adverso</strong></span> <span class='ocrx_word' id='word_1_42' title='bbox 621 1103 646 1151; x_wconf 92' lang='lat' dir='ltr'><strong>in</strong></span> <span class='ocrx_word' id='word_1_43' title='bbox 657 1104 743 1154; x_wconf 90' lang='lat' dir='ltr'><strong>limine</strong></span> <span class='ocrx_word' id='word_1_44' title='bbox 753 1105 862 1168; x_wconf 88' lang='lat' dir='ltr'><strong>Bellum,</strong></span> 
     </span>
     <span class='ocr_line' id='line_1_8' title="bbox 165 1189 892 1257; baseline 0.008 -19"><span class='ocrx_word' id='word_1_45' title='bbox 165 1189 296 1252; x_wconf 79' lang='lat' dir='ltr'><strong>Ferreique</strong></span> <span class='ocrx_word' id='word_1_46' title='bbox 307 1190 470 1240; x_wconf 86' lang='lat' dir='ltr'><strong>Eumenidum</strong></span> <span class='ocrx_word' id='word_1_47' title='bbox 481 1192 594 1252; x_wconf 78' lang='lat' dir='ltr'><strong>thalami,</strong></span> <span class='ocrx_word' id='word_1_48' title='bbox 609 1200 634 1241; x_wconf 89' lang='lat' dir='ltr'><strong>et</strong></span> <span class='ocrx_word' id='word_1_49' title='bbox 644 1193 771 1244; x_wconf 86' lang='lat' dir='ltr'><strong>Disoordia</strong></span> <span class='ocrx_word' id='word_1_50' title='bbox 782 1195 892 1257; x_wconf 86' lang='lat' dir='ltr'><strong>demens,</strong></span> 
     </span>
     <span class='ocr_line' id='line_1_9' title="bbox 166 1279 710 1342; baseline 0.006 -14"><span class='ocrx_word' id='word_1_51' title='bbox 166 1279 298 1342; x_wconf 74' lang='lat' dir='ltr'><strong>topereum</strong></span> <span class='ocrx_word' id='word_1_52' title='bbox 308 1281 402 1330; x_wconf 88' lang='lat' dir='ltr'><strong>crinem</strong></span> <span class='ocrx_word' id='word_1_53' title='bbox 413 1281 480 1330; x_wconf 88' lang='lat' dir='ltr'><strong>vittis</strong></span> <span class='ocrx_word' id='word_1_54' title='bbox 491 1281 583 1330; x_wconf 82' lang='lat' dir='ltr'><strong>innexa</strong></span> <span class='ocrx_word' id='word_1_55' title='bbox 594 1282 710 1331; x_wconf 83' lang='lat' dir='ltr'><strong>cruentis.</strong></span> 
     </span>
     <span class='ocr_line' id='line_1_10' title="bbox 141 1349 774 1433; baseline 0.008 -18"><span class='ocrx_word' id='word_1_56' title='bbox 141 1349 145 1357; x_wconf 50' lang='lat'>¹</span> <span class='ocrx_word' id='word_1_57' title='bbox 201 1369 230 1416; x_wconf 90' lang='lat' dir='ltr'><strong>ln</strong></span> <span class='ocrx_word' id='word_1_58' title='bbox 242 1368 322 1418; x_wconf 89' lang='lat' dir='ltr'><strong>medio</strong></span> <span class='ocrx_word' id='word_1_59' title='bbox 335 1383 417 1419; x_wconf 88' lang='lat' dir='ltr'><strong>ramos</strong></span> <span class='ocrx_word' id='word_1_60' title='bbox 428 1384 569 1432; x_wconf 78' lang='lat' dir='ltr'><strong>annosaque</strong></span> <span class='ocrx_word' id='word_1_61' title='bbox 579 1369 679 1418; x_wconf 83' lang='lat' dir='ltr'><strong>brachia</strong></span> <span class='ocrx_word' id='word_1_62' title='bbox 689 1370 774 1433; x_wconf 83' lang='lat' dir='ltr'><strong>pandit</strong></span> 
     </span>
     <span class='ocr_line' id='line_1_11' title="bbox 150 1458 844 1523; baseline 0.007 -17"><span class='ocrx_word' id='word_1_63' title='bbox 150 1487 153 1491; x_wconf 92' lang='lat'><em>-</em></span> <span class='ocrx_word' id='word_1_64' title='bbox 167 1458 256 1507; x_wconf 90' lang='lat' dir='ltr'><strong>Ulmus</strong></span> <span class='ocrx_word' id='word_1_65' title='bbox 267 1473 352 1523; x_wconf 80' lang='lat' dir='ltr'><strong>opaea,</strong></span> <span class='ocrx_word' id='word_1_66' title='bbox 363 1459 463 1521; x_wconf 84' lang='lat' dir='ltr'><strong>ingens:</strong></span> <span class='ocrx_word' id='word_1_67' title='bbox 480 1473 554 1522; x_wconf 88' lang='lat' dir='ltr'><strong>quam</strong></span> <span class='ocrx_word' id='word_1_68' title='bbox 565 1460 648 1508; x_wconf 81' lang='lat' dir='ltr'><strong>sedent</strong></span> <span class='ocrx_word' id='word_1_69' title='bbox 659 1460 762 1510; x_wconf 83' lang='lat' dir='ltr'><strong>Somnia</strong></span> <span class='ocrx_word' id='word_1_70' title='bbox 772 1461 844 1523; x_wconf 81' lang='lat' dir='ltr'><strong>volgo</strong></span> 
     </span>
     <span class='ocr_line' id='line_1_12' title="bbox 167 1548 854 1612; baseline 0.004 -16"><span class='ocrx_word' id='word_1_71' title='bbox 167 1549 236 1596; x_wconf 89' lang='lat' dir='ltr'><strong>Vana</strong></span> <span class='ocrx_word' id='word_1_72' title='bbox 246 1556 330 1599; x_wconf 87' lang='lat' dir='ltr'><strong>tenere</strong></span> <span class='ocrx_word' id='word_1_73' title='bbox 342 1549 434 1611; x_wconf 81' lang='lat' dir='ltr'><strong>ierunt,</strong></span> <span class='ocrx_word' id='word_1_74' title='bbox 446 1550 559 1612; x_wconf 77' lang='lat' dir='ltr'><strong>loliisqte</strong></span> <span class='ocrx_word' id='word_1_75' title='bbox 570 1551 616 1598; x_wconf 89' lang='lat' dir='ltr'><strong>sub</strong></span> <span class='ocrx_word' id='word_1_76' title='bbox 627 1548 741 1598; x_wconf 87' lang='lat' dir='ltr'><strong>omnibus</strong></span> <span class='ocrx_word' id='word_1_77' title='bbox 752 1550 854 1600; x_wconf 74' lang='lat' dir='ltr'><strong>herent</strong></span> 
     </span>
     <span class='ocr_line' id='line_1_13' title="bbox 167 1630 816 1702; baseline 0.003 -16"><span class='ocrx_word' id='word_1_78' title='bbox 167 1639 295 1700; x_wconf 88' lang='lat' dir='ltr'><strong>Multaque</strong></span> <span class='ocrx_word' id='word_1_79' title='bbox 305 1646 423 1702; x_wconf 73' lang='lat' dir='ltr'><strong>praterea</strong></span> <span class='ocrx_word' id='word_1_80' title='bbox 431 1639 554 1688; x_wconf 74' lang='lat' dir='ltr'><strong>sariarm</strong></span> <span class='ocrx_word' id='word_1_81' title='bbox 567 1647 678 1687; x_wconf 88' lang='lat' dir='ltr'><strong>monstra</strong></span> <span class='ocrx_word' id='word_1_82' title='bbox 689 1630 816 1700; x_wconf 69' lang='lat' dir='ltr'><strong>ferarum,⁸</strong></span> 
     </span>
     <span class='ocr_line' id='line_1_14' title="bbox 169 1727 856 1792; baseline -0.001 -13"><span class='ocrx_word' id='word_1_83' title='bbox 169 1729 284 1780; x_wconf 70' lang='lat' dir='ltr'><strong>Cenmmi</strong></span> <span class='ocrx_word' id='word_1_84' title='bbox 295 1729 321 1777; x_wconf 93' lang='lat' dir='ltr'><strong>in</strong></span> <span class='ocrx_word' id='word_1_85' title='bbox 334 1729 427 1778; x_wconf 82' lang='lat' dir='ltr'><strong>foribus</strong></span> <span class='ocrx_word' id='word_1_86' title='bbox 438 1730 571 1791; x_wconf 73' lang='lat' dir='ltr'><strong>stabulant,</strong></span> <span class='ocrx_word' id='word_1_87' title='bbox 584 1729 718 1792; x_wconf 73' lang='lat' dir='ltr'><strong>Scyllaque</strong></span> <span class='ocrx_word' id='word_1_88' title='bbox 729 1727 856 1789; x_wconf 76' lang='lat' dir='ltr'><strong>biformes,</strong></span> 
     </span>
     <span class='ocr_line' id='line_1_15' title="bbox 167 1809 787 1881; baseline 0 -13"><span class='ocrx_word' id='word_1_89' title='bbox 167 1820 201 1869; x_wconf 84' lang='lat' dir='ltr'><strong>Et</strong></span> <span class='ocrx_word' id='word_1_90' title='bbox 210 1817 420 1881; x_wconf 81' lang='lat' dir='ltr'><strong>centumgeminus</strong></span> <span class='ocrx_word' id='word_1_91' title='bbox 431 1820 557 1880; x_wconf 88' lang='lat' dir='ltr'><strong>Briareus,</strong></span> <span class='ocrx_word' id='word_1_92' title='bbox 568 1809 597 1869; x_wconf 81' lang='lat' dir='ltr'><strong>ac</strong></span> <span class='ocrx_word' id='word_1_93' title='bbox 608 1820 690 1869; x_wconf 89' lang='lat' dir='ltr'><strong>bellna</strong></span> <span class='ocrx_word' id='word_1_94' title='bbox 701 1820 787 1869; x_wconf 81' lang='lat' dir='ltr'><strong>Lernae</strong></span> 
     </span>
     <span class='ocr_line' id='line_1_16' title="bbox 169 1907 868 1972; baseline -0.001 -13"><span class='ocrx_word' id='word_1_95' title='bbox 169 1909 326 1959; x_wconf 87' lang='lat' dir='ltr'><strong>Horrendum</strong></span> <span class='ocrx_word' id='word_1_96' title='bbox 337 1909 453 1970; x_wconf 86' lang='lat' dir='ltr'><strong>stridens,</strong></span> <span class='ocrx_word' id='word_1_97' title='bbox 462 1909 617 1972; x_wconf 76' lang='lat' dir='ltr'><strong>flammisque</strong></span> <span class='ocrx_word' id='word_1_98' title='bbox 628 1916 722 1958; x_wconf 72' lang='lat' dir='ltr'><strong>minata</strong></span> <span class='ocrx_word' id='word_1_99' title='bbox 734 1907 868 1969; x_wconf 70' lang='lat' dir='ltr'><strong>Chimera,</strong></span> 
     </span>
     <span class='ocr_line' id='line_1_17' title="bbox 169 1999 891 2063; baseline 0 -15"><span class='ocrx_word' id='word_1_100' title='bbox 169 2000 307 2062; x_wconf 83' lang='lat' dir='ltr'><strong>Gorgones,</strong></span> <span class='ocrx_word' id='word_1_101' title='bbox 321 1999 491 2063; x_wconf 71' lang='lat' dir='ltr'><strong>Harpyiaeque,</strong></span> <span class='ocrx_word' id='word_1_102' title='bbox 504 2007 530 2048; x_wconf 88' lang='lat' dir='ltr'><strong>et</strong></span> <span class='ocrx_word' id='word_1_103' title='bbox 540 2000 621 2048; x_wconf 83' lang='lat' dir='ltr'><strong>forma</strong></span> <span class='ocrx_word' id='word_1_104' title='bbox 633 1999 777 2063; x_wconf 84' lang='lat' dir='ltr'><strong>tricorporis</strong></span> <span class='ocrx_word' id='word_1_105' title='bbox 788 2000 891 2048; x_wconf 77' lang='lat' dir='ltr'><strong>umbra.</strong></span> 
     </span>
     <span class='ocr_line' id='line_1_18' title="bbox 171 2089 798 2155; baseline -0.005 -15"><span class='ocrx_word' id='word_1_106' title='bbox 171 2089 284 2155; x_wconf 83' lang='lat' dir='ltr'><strong>Conripit</strong></span> <span class='ocrx_word' id='word_1_107' title='bbox 294 2091 336 2140; x_wconf 87' lang='lat' dir='ltr'><strong>hic</strong></span> <span class='ocrx_word' id='word_1_108' title='bbox 347 2090 428 2141; x_wconf 88' lang='lat' dir='ltr'><strong>subita</strong></span> <span class='ocrx_word' id='word_1_109' title='bbox 439 2089 547 2153; x_wconf 82' lang='lat' dir='ltr'><strong>trepidus</strong></span> <span class='ocrx_word' id='word_1_110' title='bbox 559 2089 691 2138; x_wconf 78' lang='lat' dir='ltr'><strong>tormidine</strong></span> <span class='ocrx_word' id='word_1_111' title='bbox 703 2089 798 2138; x_wconf 82' lang='lat' dir='ltr'><strong>ferrum</strong></span> 
     </span>
     <span class='ocr_line' id='line_1_19' title="bbox 170 2177 795 2241; baseline -0.006 -12"><span class='ocrx_word' id='word_1_112' title='bbox 170 2180 272 2241; x_wconf 80' lang='lat' dir='ltr'><strong>AEnaas,</strong></span> <span class='ocrx_word' id='word_1_113' title='bbox 284 2180 441 2241; x_wconf 82' lang='lat' dir='ltr'><strong>strictamque</strong></span> <span class='ocrx_word' id='word_1_114' title='bbox 451 2179 528 2228; x_wconf 86' lang='lat' dir='ltr'><strong>aciem</strong></span> <span class='ocrx_word' id='word_1_115' title='bbox 539 2177 693 2226; x_wconf 84' lang='lat' dir='ltr'><strong>venientibus</strong></span> <span class='ocrx_word' id='word_1_116' title='bbox 704 2177 795 2238; x_wconf 70' lang='lat' dir='ltr'><strong>obtem,</strong></span> 
     </span>
    </p>

    <p class='ocr_par' dir='ltr' id='par_1_3' title="bbox 171 2264 793 2508">
     <span class='ocr_line' id='line_1_20' title="bbox 171 2264 793 2330; baseline -0.008 -12"><span class='ocrx_word' id='word_1_117' title='bbox 171 2270 214 2330; x_wconf 80' lang='lat' dir='ltr'><strong>llt,</strong></span> <span class='ocrx_word' id='word_1_118' title='bbox 226 2269 253 2318; x_wconf 92' lang='lat' dir='ltr'><strong>ni</strong></span> <span class='ocrx_word' id='word_1_119' title='bbox 264 2270 335 2318; x_wconf 89' lang='lat' dir='ltr'><strong>docta</strong></span> <span class='ocrx_word' id='word_1_120' title='bbox 345 2283 429 2318; x_wconf 88' lang='lat' dir='ltr'><strong>comes</strong></span> <span class='ocrx_word' id='word_1_121' title='bbox 439 2267 521 2318; x_wconf 88' lang='lat' dir='ltr'><strong>tenuis</strong></span> <span class='ocrx_word' id='word_1_122' title='bbox 532 2267 586 2315; x_wconf 88' lang='lat' dir='ltr'><strong>sine</strong></span> <span class='ocrx_word' id='word_1_123' title='bbox 597 2279 698 2328; x_wconf 85' lang='lat' dir='ltr'><strong>corpore</strong></span> <span class='ocrx_word' id='word_1_124' title='bbox 709 2264 771 2314; x_wconf 84' lang='lat' dir='ltr'><strong>vitas</strong></span> <span class='ocrx_word' id='word_1_125' title='bbox 791 2282 793 2287; x_wconf 95' lang='lat'>·</span> 
     </span>
     <span class='ocr_line' id='line_1_21' title="bbox 172 2355 772 2417; baseline -0.008 -10"><span class='ocrx_word' id='word_1_126' title='bbox 172 2357 311 2408; x_wconf 82' lang='lat' dir='ltr'><strong>Admoneat</strong></span> <span class='ocrx_word' id='word_1_127' title='bbox 320 2359 424 2408; x_wconf 80' lang='lat' dir='ltr'><strong>volitare</strong></span> <span class='ocrx_word' id='word_1_128' title='bbox 434 2371 493 2407; x_wconf 86' lang='lat' dir='ltr'><strong>cara</strong></span> <span class='ocrx_word' id='word_1_129' title='bbox 504 2358 550 2406; x_wconf 87' lang='lat' dir='ltr'><strong>sub</strong></span> <span class='ocrx_word' id='word_1_130' title='bbox 557 2356 663 2417; x_wconf 80' lang='lat' dir='ltr'><strong>imagine</strong></span> <span class='ocrx_word' id='word_1_131' title='bbox 674 2355 772 2416; x_wconf 76' lang='lat' dir='ltr'><strong>forma,</strong></span> 
     </span>
     <span class='ocr_line' id='line_1_22' title="bbox 174 2445 756 2508; baseline -0.01 -11"><span class='ocrx_word' id='word_1_132' title='bbox 174 2449 270 2508; x_wconf 88' lang='lat' dir='ltr'><strong>inruat,</strong></span> <span class='ocrx_word' id='word_1_133' title='bbox 281 2456 307 2497; x_wconf 90' lang='lat' dir='ltr'><strong>et</strong></span> <span class='ocrx_word' id='word_1_134' title='bbox 317 2449 410 2497; x_wconf 74' lang='lat' dir='ltr'><strong>imstm</strong></span> <span class='ocrx_word' id='word_1_135' title='bbox 421 2448 488 2496; x_wconf 81' lang='lat' dir='ltr'><strong>ferro</strong></span> <span class='ocrx_word' id='word_1_136' title='bbox 499 2447 637 2496; x_wconf 87' lang='lat' dir='ltr'><strong>diverberet</strong></span> <span class='ocrx_word' id='word_1_137' title='bbox 647 2445 756 2493; x_wconf 88' lang='lat' dir='ltr'><strong>umbras.</strong></span> 
     </span>
    </p>

    <p class='ocr_par' dir='ltr' id='par_1_4' title="bbox 173 2533 945 3222">
     <span class='ocr_line' id='line_1_23' title="bbox 207 2533 874 2604; baseline -0.006 -18"><span class='ocrx_word' id='word_1_138' title='bbox 207 2537 272 2586; x_wconf 88' lang='lat' dir='ltr'><strong>Hinc</strong></span> <span class='ocrx_word' id='word_1_139' title='bbox 282 2536 331 2598; x_wconf 83' lang='lat' dir='ltr'><strong>ria,</strong></span> <span class='ocrx_word' id='word_1_140' title='bbox 343 2536 454 2586; x_wconf 86' lang='lat' dir='ltr'><strong>Tartarei</strong></span> <span class='ocrx_word' id='word_1_141' title='bbox 464 2551 518 2604; x_wconf 77' lang='lat' dir='ltr'><strong>quae</strong></span> <span class='ocrx_word' id='word_1_142' title='bbox 530 2536 578 2586; x_wconf 80' lang='lat' dir='ltr'><strong>fert</strong></span> <span class='ocrx_word' id='word_1_143' title='bbox 589 2533 736 2584; x_wconf 81' lang='lat' dir='ltr'><strong>Acherontis</strong></span> <span class='ocrx_word' id='word_1_144' title='bbox 747 2533 778 2582; x_wconf 89' lang='lat' dir='ltr'><strong>ad</strong></span> <span class='ocrx_word' id='word_1_145' title='bbox 788 2533 874 2583; x_wconf 85' lang='lat' dir='ltr'><strong>undas.</strong></span> 
     </span>
     <span class='ocr_line' id='line_1_24' title="bbox 173 2623 776 2687; baseline -0.005 -12"><span class='ocrx_word' id='word_1_146' title='bbox 173 2624 297 2675; x_wconf 83' lang='lat' dir='ltr'><strong>Turbidus</strong></span> <span class='ocrx_word' id='word_1_147' title='bbox 308 2624 349 2674; x_wconf 86' lang='lat' dir='ltr'><strong>hie</strong></span> <span class='ocrx_word' id='word_1_148' title='bbox 359 2639 432 2674; x_wconf 88' lang='lat' dir='ltr'><strong>ooeno</strong></span> <span class='ocrx_word' id='word_1_149' title='bbox 442 2632 556 2687; x_wconf 58' lang='lat' dir='ltr'><strong>natuque</strong></span> <span class='ocrx_word' id='word_1_150' title='bbox 565 2623 678 2686; x_wconf 81' lang='lat' dir='ltr'><strong>voragine</strong></span> <span class='ocrx_word' id='word_1_151' title='bbox 689 2637 776 2685; x_wconf 83' lang='lat' dir='ltr'><strong>gurges</strong></span> 
     </span>
     <span class='ocr_line' id='line_1_25' title="bbox 175 2715 806 2777; baseline -0.002 -13"><span class='ocrx_word' id='word_1_152' title='bbox 175 2715 284 2776; x_wconf 83' lang='lat' dir='ltr'><strong>AEstuat,</strong></span> <span class='ocrx_word' id='word_1_153' title='bbox 295 2721 366 2777; x_wconf 88' lang='lat' dir='ltr'><strong>atque</strong></span> <span class='ocrx_word' id='word_1_154' title='bbox 378 2728 479 2763; x_wconf 87' lang='lat' dir='ltr'><strong>omnem</strong></span> <span class='ocrx_word' id='word_1_155' title='bbox 492 2715 583 2777; x_wconf 84' lang='lat' dir='ltr'><strong>cocyto</strong></span> <span class='ocrx_word' id='word_1_156' title='bbox 595 2719 687 2762; x_wconf 76' lang='lat' dir='ltr'><strong>crumat</strong></span> <span class='ocrx_word' id='word_1_157' title='bbox 698 2726 806 2763; x_wconf 76' lang='lat' dir='ltr'><strong>menam.</strong></span> 
     </span>
     <span class='ocr_line' id='line_1_26' title="bbox 176 2801 815 2864; baseline -0.005 -12"><span class='ocrx_word' id='word_1_158' title='bbox 176 2803 286 2853; x_wconf 87' lang='lat' dir='ltr'><strong>Portitor</strong></span> <span class='ocrx_word' id='word_1_159' title='bbox 297 2803 341 2851; x_wconf 88' lang='lat' dir='ltr'><strong>has</strong></span> <span class='ocrx_word' id='word_1_160' title='bbox 353 2802 489 2852; x_wconf 85' lang='lat' dir='ltr'><strong>horrendus</strong></span> <span class='ocrx_word' id='word_1_161' title='bbox 501 2815 575 2864; x_wconf 87' lang='lat' dir='ltr'><strong>aquas</strong></span> <span class='ocrx_word' id='word_1_162' title='bbox 586 2809 611 2850; x_wconf 89' lang='lat' dir='ltr'><strong>et</strong></span> <span class='ocrx_word' id='word_1_163' title='bbox 622 2801 724 2850; x_wconf 88' lang='lat' dir='ltr'><strong>flumina</strong></span> <span class='ocrx_word' id='word_1_164' title='bbox 735 2807 815 2850; x_wconf 84' lang='lat' dir='ltr'><strong>servat</strong></span> 
     </span>
     <span class='ocr_line' id='line_1_27' title="bbox 176 2890 945 2956; baseline -0.004 -16"><span class='ocrx_word' id='word_1_165' title='bbox 176 2890 292 2940; x_wconf 75' lang='lat' dir='ltr'><strong>&#39;l&#39;erribili</strong></span> <span class='ocrx_word' id='word_1_166' title='bbox 303 2892 417 2954; x_wconf 78' lang='lat' dir='ltr'><strong>squalore</strong></span> <span class='ocrx_word' id='word_1_167' title='bbox 429 2891 541 2940; x_wconf 87' lang='lat' dir='ltr'><strong>Charon:</strong></span> <span class='ocrx_word' id='word_1_168' title='bbox 556 2890 598 2939; x_wconf 79' lang='lat' dir='ltr'><strong>eui</strong></span> <span class='ocrx_word' id='word_1_169' title='bbox 610 2890 716 2953; x_wconf 85' lang='lat' dir='ltr'><strong>plurima</strong></span> <span class='ocrx_word' id='word_1_170' title='bbox 727 2897 811 2942; x_wconf 87' lang='lat' dir='ltr'><strong>mento</strong></span> <span class='ocrx_word' id='word_1_171' title='bbox 901 2952 903 2956; x_wconf 88' lang='lat'>.</span> <span class='ocrx_word' id='word_1_172' title='bbox 941 2931 945 2937; x_wconf 95' lang='lat'>.</span> 
     </span>
     <span class='ocr_line' id='line_1_28' title="bbox 178 2978 796 3041; baseline -0.006 -11"><span class='ocrx_word' id='word_1_173' title='bbox 178 2979 287 3030; x_wconf 82' lang='lat' dir='ltr'><strong>Canities</strong></span> <span class='ocrx_word' id='word_1_174' title='bbox 296 2979 392 3028; x_wconf 82' lang='lat' dir='ltr'><strong>inculta</strong></span> <span class='ocrx_word' id='word_1_175' title='bbox 398 2981 480 3041; x_wconf 76' lang='lat' dir='ltr'><strong>iaoet3</strong></span> <span class='ocrx_word' id='word_1_176' title='bbox 497 2987 563 3028; x_wconf 89' lang='lat' dir='ltr'><strong>stant</strong></span> <span class='ocrx_word' id='word_1_177' title='bbox 573 2978 669 3028; x_wconf 89' lang='lat' dir='ltr'><strong>lumina</strong></span> <span class='ocrx_word' id='word_1_178' title='bbox 680 2978 796 3041; x_wconf 87' lang='lat' dir='ltr'><strong>flamma;</strong></span> 
     </span>
     <span class='ocr_line' id='line_1_29' title="bbox 181 3065 880 3130; baseline -0.006 -12"><span class='ocrx_word' id='word_1_179' title='bbox 181 3067 299 3118; x_wconf 85' lang='lat' dir='ltr'><strong>Sordidus</strong></span> <span class='ocrx_word' id='word_1_180' title='bbox 306 3082 338 3117; x_wconf 85' lang='lat' dir='ltr'><strong>ex</strong></span> <span class='ocrx_word' id='word_1_181' title='bbox 350 3065 459 3118; x_wconf 88' lang='lat' dir='ltr'><strong>humeris</strong></span> <span class='ocrx_word' id='word_1_182' title='bbox 469 3066 534 3116; x_wconf 90' lang='lat' dir='ltr'><strong>nodo</strong></span> <span class='ocrx_word' id='word_1_183' title='bbox 546 3067 665 3130; x_wconf 84' lang='lat' dir='ltr'><strong>dependet</strong></span> <span class='ocrx_word' id='word_1_184' title='bbox 675 3065 786 3116; x_wconf 84' lang='lat' dir='ltr'><strong>amictus.</strong></span> <span class='ocrx_word' id='word_1_185' title='bbox 877 3123 880 3130; x_wconf 17' lang='grc' dir='ltr'><strong><em>Δ</em></strong></span> 
     </span>
     <span class='ocr_line' id='line_1_30' title="bbox 182 3155 778 3222; baseline -0.007 -15"><span class='ocrx_word' id='word_1_186' title='bbox 182 3160 237 3222; x_wconf 88' lang='lat' dir='ltr'><strong>lpse</strong></span> <span class='ocrx_word' id='word_1_187' title='bbox 246 3167 325 3209; x_wconf 86' lang='lat' dir='ltr'><strong>ratem</strong></span> <span class='ocrx_word' id='word_1_188' title='bbox 333 3166 407 3210; x_wconf 88' lang='lat' dir='ltr'><strong>conto</strong></span> <span class='ocrx_word' id='word_1_189' title='bbox 418 3156 517 3220; x_wconf 76' lang='lat' dir='ltr'><strong>subigit,</strong></span> <span class='ocrx_word' id='word_1_190' title='bbox 527 3157 635 3221; x_wconf 83' lang='lat' dir='ltr'><strong>velisque</strong></span> <span class='ocrx_word' id='word_1_191' title='bbox 646 3155 778 3217; x_wconf 84' lang='lat' dir='ltr'><strong>ministrat,</strong></span> 
     </span>
    </p>
   </div>
   <div class='ocr_carea' id='block_1_3' title="bbox 0 0 1191 3734">
    <p class='ocr_par' dir='ltr' id='par_1_5' title="bbox 0 0 1191 3734">
     <span class='ocr_line' id='line_1_31' title="bbox 0 0 1191 3734; baseline 0 0"><span class='ocrx_word' id='word_1_192' title='bbox 0 0 1191 3734; x_wconf 95' lang='lat' dir='ltr'><strong> </strong></span> 
     </span>
    </p>
   </div>
  </div>
 </body>
</html>
