2334 3734
405 539 564 594 AENBIDOS
587 543 649 596 bin.
667 544 709 595 IV.
911 543 958 596 2⁰⁵

136 687 140 694 ·
157 670 326 723 Exercemuu?
345 672 431 736 babeo,
442 681 496 724 tota
506 674 572 737 qnod
583 682 666 726 mente
677 674 759 739 pctirti
771 695 778 725 r

156 762 234 812 Ardet
244 776 329 813 amour
341 762 417 825 Dido,
428 764 552 828 traxitque
562 781 607 830 per
618 780 675 816 oasa
685 767 802 818 furorem.

157 852 319 904 Communem
329 855 394 904 hunc
401 869 460 918 ergo
470 858 600 921 populum,
612 857 758 922 paribusque
770 871 881 922 regamur

157 943 298 1008 Auspiciir3
315 945 389 996 licent
400 946 506 1012 Phrygio
517 948 609 999 servire
622 948 722 1013 marito,

158 1034 300 1098 Dotalicque
310 1045 359 1089 tue
368 1036 456 1102 'syrion
467 1038 609 1102 permittere
621 1039 722 1091 dextre.

192 1125 245 1177 Oiii
260 1126 348 1192 (renuit
357 1127 425 1178 enim
433 1129 548 1180 rimulam
559 1137 642 1181 mente
652 1131 770 1192 locutam,

158 1216 214 1271 Quo
226 1231 327 1279 regnum
338 1217 417 1269 ltalia
428 1219 528 1284 Libycae
540 1228 660 1270 avmberet
670 1218 737 1283 orac)

159 1305 200 1356 Sic
211 1313 298 1356 contra
308 1315 346 1357 eet
353 1307 463 1370 ingresso
474 1311 557 1359 Venur
568 1329 574 1358 ι
594 1309 655 1364 ouis
666 1310 725 1359 talia
735 1310 836 1360 demens

159 1397 269 1459 Abnuet,
281 1405 325 1448 aut
335 1406 418 1448 tecum
428 1397 501 1448 malit
510 1398 659 1448 contendere
669 1400 755 1450 bellun

159 1486 186 1537 Si
197 1487 282 1550 modo,
294 1488 361 1552 quod
372 1501 505 1549 memoret,
516 1488 610 1537 fuctum
621 1489 722 1539 fortuna
732 1497 855 1554 nequatur.
899 1544 906 1564 Ι

159 1579 207 1630 Sed
217 1579 379 1632 fatioincerta
386 1581 463 1643 feroc,
475 1580 496 1630 si
507 1581 623 1645 iuppiter
633 1592 708 1631 unam

157 1673 217 1721 Esse
225 1671 285 1722 velit
294 1670 375 1736 Tyriis
388 1672 475 1721 urbem
487 1673 611 1734 'ibojaque
622 1671 737 1736 profectio

159 1759 288 1810 Miscerive
298 1761 386 1824 probet
395 1761 510 1825 populor,
521 1768 565 1810 aut
575 1760 669 1812 ioedera
676 1761 755 1824 jungi.

158 1851 198 1899 'i'u
209 1851 335 1914 conium
352 1849 397 1900 tibi
408 1851 446 1902 iar
457 1851 567 1902 animum
578 1858 673 1902 tentam
684 1851 815 1916 precando.

159 1939 252 2004 Perge3
269 1953 366 2004 requae.
398 1942 464 1990 'ium
475 1940 510 1991 sic
521 1941 618 2005 excepit
629 1941 695 2004 regia
705 1944 788 1993 Juno:

192 2032 290 2081 Mecum
301 2031 350 2082 erit
359 2031 405 2082 iste
416 2033 494 2084 labor.
528 2035 602 2084 Nunc
612 2047 660 2098 qua
671 2034 776 2097 ratione,
788 2033 853 2099 quod
864 2032 948 2096 instat,

160 2121 267 2172 confieri
278 2121 366 2186 poerit,
377 2123 471 2187 paucio,
481 2122 590 2185 adverte,
601 2123 701 2175 docebo.

159 2211 280 2261 Venatum
293 2211 384 2262 AEneas
395 2226 493 2274 unaque
504 2211 642 2262 miserrime
653 2213 717 2266 Dido

160 2303 190 2353 iu
201 2317 288 2354 nemus
299 2302 336 2353 ire
346 2311 443 2368 purant,
455 2303 498 2352 ubi
509 2302 604 2366 primos
614 2304 735 2354 crastinus
747 2310 815 2353 ortuo

159 2393 283 2444 Extrrlerit
292 2392 378 2454 iiten,
390 2391 513 2456 radioque
523 2392 640 2442 retexerit
649 2393 742 2442 orbem.

162 2483 208 2533 iiia
219 2499 263 2547 ego
274 2484 412 2547 nigrantem
422 2483 549 2534 conmixta
559 2481 677 2546 grmdine
688 2483 810 2546 nimbum,

160 2575 226 2623 Dum
235 2574 358 2640 trepidant
368 2575 424 2636 aia,
436 2575 561 2637 adunque
568 2573 682 2638 indagine
694 2574 804 2637 cingunt,

161 2665 272 2728 Desuper
282 2663 421 2728 insuam,
434 2672 460 2715 et
469 2663 564 2714 tonitru
574 2665 666 2714 ooelum
676 2679 750 2715 omne
762 2664 838 2715 ciebo.

163 2752 297 2816 Diffirgient
306 2753 419 2816 comiter,
432 2762 458 2804 et
468 2761 540 2804 nocte
551 2761 664 2816 egenter
678 2767 768 2817 opaca3

163 2843 309 2907 Speluncam
320 2842 384 2893 Dido
395 2844 446 2893 dux
454 2851 480 2895 et
490 2845 612 2906 'limeum
622 2842 733 2892 eamdem

163 2931 307 2983 Derenient.
339 2933 433 2995 Adero,
444 2940 480 2995 et,
489 2942 532 2984 tua
542 2933 564 2984 ei
574 2933 637 2982 mibi
647 2940 714 2982 certa
725 2933 849 2992 voluntas,

164 3021 294 3075 Connubio
303 3026 405 3087 iungam
417 3023 508 3086 stabili,
520 3023 692 3088 propriamque
706 3021 801 3072 dicabo.

163 3111 211 3162 Hic
224 3115 371 3178 Hymenreuc
383 3112 438 3164 erit.
473 3115 530 3162 Non
542 3113 668 3164 mvmsata
680 3092 772 3175 petenti
904 3109 906 3116 '

163 3202 267 3266 Adnuit,
278 3212 352 3267 etque
362 3203 427 3254 doliu
439 3202 494 3254 risit
504 3203 625 3266 Cytherea
637 3201 747 3266 repertio.
