2334 3734
186 538 235 586 358
409 536 437 585 Ρ.
453 536 591 586 vinolull
608 534 762 589 MARONIS

187 663 228 715 Sic
238 663 273 714 ait
283 662 440 714 inlacrimans
449 683 457 726 3
474 664 580 715 homero
591 662 666 712 simul
675 662 744 712 exuit
753 674 836 712 ensem

187 755 308 802 Auratam
311 788 319 813 ,
331 753 394 820 inira
403 766 477 815 quem
488 754 580 803 iecerat
589 758 642 801 arte
651 752 747 814 Lycaon

187 840 294 891 Gnoaiua
304 848 377 903 atque
386 840 493 889 habilem
504 839 591 901 vagina
601 846 696 902 aptarat
705 841 798 907 eburna
807 858 816 901 ς

188 932 237 979 Dat
248 928 310 977 Niao
321 929 464 980 Mnestheua
475 930 566 992 pellent
575 927 747 989 horrendaque
757 926 836 976 leonia

188 1017 295 1067 Exuvias
304 1037 312 1079 3
330 1019 424 1079 galeam
434 1018 499 1067 sidua
508 1024 631 1079 permutat
640 1017 733 1066 Aletes.

189 1107 311 1155 Protenua
322 1105 411 1154 armati
421 1105 553 1154 inoedunt:
569 1118 631 1167 quor
641 1104 723 1153 omnia
733 1104 814 1154 euntia

190 1195 330 1244 Primoranr
341 1208 429 1245 manua
439 1195 471 1245 ad
481 1202 565 1256 portae
572 1196 739 1255 iuvenumque
749 1204 887 1271 aeuumque·

94 1320 97 1325 -
191 1282 349 1345 Proaequitrnr
359 1282 431 1333 notia.
463 1284 515 1331 Nec
526 1296 576 1331 uon
589 1290 614 1332 et
624 1282 707 1344 puleer
718 1278 797 1340 iulus,

190 1372 256 1419 Ante
267 1384 345 1421 annor
355 1370 514 1432 animumque
524 1382 611 1430 perena
622 1382 753 1430 curamque
764 1366 870 1428 virilem,

107 1521 112 1533 ί
191 1457 687 1521 Mulaparriportandadabatmandaao.
722 1456 843 1507 Sedaurae

193 1546 285 1596 Omnia
295 1545 444 1609 diaoerpunt‚
455 1554 482 1595 et
493 1545 597 1595 nubibus
609 1545 684 1595 inrita
694 1545 796 1595 donant.

225 1634 324 1696 Egressi
335 1641 452 1698 superant
462 1635 551 1694 foeaaa,
562 1634 689 1695 noetieque
700 1648 743 1696 per
753 1634 865 1683 umbram

195 1722 282 1771 caena
292 1721 392 1771 inimica
401 1729 497 1785 petunt,
509 1722 594 1771 nulus
605 1731 686 1773 tamn
696 1728 755 1771 anie
765 1720 842 1771 futuri

195 1809 287 1860 Exitio.
321 1811 416 1859 Paaaim
427 1825 515 1859 aomno
526 1812 633 1873 vinoque
641 1824 684 1873 per
695 1811 797 1861 herbam

196 1899 307 1959 Corpora
317 1898 373 1946 {aaa
384 1898 475 1956 vident,
487 1899 597 1948 adrectos
608 1900 682 1949 litore
691 1914 788 1959 orurua,

197 1986 266 2033 Inter
276 1986 331 2033 lora
340 1993 456 2047 rotatque
465 1986 542 2045 airoa,
553 1987 627 2036 aimnl
638 2001 716 2047 mnne,
725 1990 816 2049 jacere.

196 2071 261 2121 Vina
270 2071 352 2121 aimul.
387 2072 458 2121 Prior
470 2074 614 2137 Hyrtacides
626 2076 660 2125 alo
670 2090 714 2127 ore
724 2077 834 2126 locutus:

195 2153 311 2217 Euryale,
324 2155 463 2205 audendum
474 2156 568 2207 dextra.
603 2160 677 2207 Nunc
687 2158 740 2221 ipaa
749 2166 820 2209 voeat
829 2171 876 2207 rea.

196 2243 249 2290 Hac
260 2242 306 2290 iter
317 2252 362 2292 eat.
395 2246 445 2305 Tu,
457 2260 489 2295 ne
499 2260 549 2307 qua
559 2260 646 2296 manua
660 2261 686 2295 ae
697 2247 816 2297 adtollere
827 2244 897 2297 uobis

195 2332 217 2379 A
230 2338 298 2393 tergo
309 2332 395 2395 poeria,
406 2334 513 2396 cuatodi,
524 2343 550 2383 et
559 2336 660 2385 contule
669 2336 750 2397 longe.

195 2420 255 2468 llaec
267 2434 312 2481 ego
321 2429 388 2470 vasta
399 2423 472 2483 dabo,
481 2430 506 2473 et
517 2425 569 2473 lato
580 2432 606 2473 te
616 2423 694 2483 limite
705 2423 801 2473 ducam.

195 2508 236 2557 Sic
248 2519 378 2571 memorat,
389 2526 520 2574 vocemque
530 2514 634 2576 premit;
652 2514 726 2562 simul
739 2528 797 2563 ente
807 2514 939 2576 superbum

196 2597 357 2647 Rhamnetem
368 2599 517 2661 adgredior,
530 2602 571 2663 qui
583 2604 647 2651 forae
658 2602 777 2665 tapetibus
788 2601 844 2651 altit

196 2685 341 2734 Exatructua
352 2693 405 2734 toto
413 2687 533 2749 proflabat
543 2698 640 2751 pectore
651 2704 783 2753 somnam

197 2774 250 2821 Rex
261 2772 336 2835 idem,
348 2783 373 2823 et
383 2776 433 2837 rogi
444 2778 530 2825 'lirrno
541 2778 694 2837 gratiaaimua
705 2793 797 2842 augur:

197 2860 246 2911 Sed
257 2876 307 2911 non
319 2863 419 2925 augurio
432 2865 511 2927 potuit
521 2866 642 2928 depellere
653 2875 756 2930 peatem.

195 2949 253 2999 Tria
261 2952 334 3011 Juxta
345 2953 452 3002 famulor
463 2962 554 3003 temere
565 2954 631 3003 inter
641 2956 691 3005 tela
698 2954 813 3017 jacentia,

198 3037 402 3103 Armigerumque
413 3042 484 3093 Remi
494 3043 593 3106 premit,
605 3044 763 3107 aurigamque
773 3046 819 3093 aab
829 3044 889 3108 ipnia

196 3126 290 3175 Nactus
302 3128 389 3193 equia3
406 3132 522 3194 ferroque
531 3140 600 3182 aeeat
609 3115 740 3195 pendentia
749 3134 832 3196 oolla3
