2334 3734
194 545 242 593 tlt
416 545 444 593 P.
460 543 599 594 VIRGlLlI
616 540 771 592 MARONIS

194 672 286 741 Desine
297 687 384 737 meque
395 672 443 722 tuis
454 673 585 724 incendere
595 679 668 736 teque
678 671 783 734 querelis
794 691 802 734 ;

193 762 290 813 ltaliam
301 777 352 812 non
363 770 451 827 sponte
456 778 554 826 sequor.

225 852 297 902 Talia
307 852 428 902 dicentem
435 852 581 914 jamdudum
592 868 676 906 avmsa
686 843 779 916 tuetur,

190 945 250 992 lluc
260 943 320 993 illuc
330 944 429 993 volvens
440 945 536 1006 oculos,
548 953 677 1008 totumque
688 953 799 1010 pererrat

194 1033 339 1084 huminibus
349 1035 439 1096 tacitis,
449 1035 520 1084 etsie
532 1035 636 1086 adcensa
645 1037 755 1100 profatur
766 1055 772 1085 r

193 1123 246 1172 Nec
256 1122 302 1172 tibi
312 1123 368 1172 diva
378 1138 475 1186 parens,
487 1125 582 1186 generis
591 1140 636 1174 nec
648 1125 883 1186 Dardanus'auctor,

192 1213 289 1263 Perfide
297 1234 315 1277 3·
323 1214 366 1263 sed
377 1213 445 1262 duris
457 1214 541 1276 genuit
548 1223 573 1265 te
583 1216 695 1266 cautibus
705 1217 809 1266 horrens

125 1333 128 1337 ›
192 1304 326 1365 caucasiis,
340 1306 505 1369 Hyrcanaque
516 1306 649 1356 admorunt
659 1308 736 1356 ubera
746 1306 829 1372 tigres.

190 1395 255 1444 Nam
266 1395 325 1457 qnid
335 1395 485 1445 dissimulo?
504 1404 547 1444 aut
557 1411 612 1459 qnae
624 1411 664 1446 me
672 1397 704 1445 ad
715 1398 810 1457 maiora
820 1396 939 1444 reservo?

192 1484 260 1532 Num
271 1484 331 1534 fletu
343 1484 463 1546 ingemuit
473 1493 559 1535 nostro
570 1488 580 1534 ἓ
600 1501 661 1535 num
672 1486 767 1536 lumina
778 1485 867 1534 flexit?

191 1574 260 1622 Num
271 1574 385 1624 lacrimas
397 1574 475 1623 victrrs
486 1575 563 1636 dedic,
575 1583 619 1626 ant
629 1576 759 1625 miseratus
766 1581 889 1625 amantem
900 1576 957 1623 est?

192 1663 253 1717 Quae
264 1663 352 1726 quibus
363 1664 519 1713 anteferam?
537 1667 607 1726 Jam,
617 1668 679 1726 Jam,
692 1679 737 1715 nec
749 1679 865 1715 maxuma
876 1665 955 1724 Juno,

191 1753 244 1801 Nec
256 1751 385 1801 Saturnius
396 1753 449 1802 baec
459 1753 538 1802 oculis
548 1762 618 1817 pater
629 1753 732 1817 adspicit
742 1754 826 1817 arquis.

191 1842 319 1904 Nusquam
329 1849 383 1891 tnta
395 1841 463 1891 tides.
495 1843 609 1903 Eiectum
620 1843 705 1904 litore,
714 1851 825 1904 egentem

106 1941 108 1944 ’
190 1928 292 1992 Excepi,
305 1937 330 1978 et
341 1929 409 1990 regni
420 1929 520 1979 demens
535 1930 561 1978 in
571 1938 641 1993 parte
653 1931 748 1993 locavt;

189 2018 313 2067 Amissum
324 2019 438 2078 classem,
449 2018 540 2080 socios,
551 2034 567 2068 a
576 2027 657 2070 morte
668 2019 764 2070 reduxit

191 2107 247 2156 Heu
258 2105 340 2157 Furiis
351 2106 451 2156 incensa
459 2108 541 2157 feroti
560 2111 634 2158 Nunc
646 2113 722 2172 a'ugur
733 2111 835 2175 Apollo,

189 2197 263 2246 Nunc
275 2197 354 2261 Lycia
365 2206 455 2258 sortes,
466 2207 569 2248 nuncet
578 2201 643 2250 Jove
653 2199 743 2251 misum
754 2203 785 2252 ab
798 2201 852 2265 ipso
873 2245 884 2257 ,

190 2287 313 2350 Interpres
324 2287 406 2336 divom
417 2288 466 2338 fert
475 2288 577 2338 horrida
588 2291 658 2350 jrussa
668 2304 711 2354 per
722 2304 803 2340 auras.

189 2375 288 2426 Scilicet
299 2376 320 2426 is
332 2378 432 2442 Superis
440 2379 512 2428 labor
521 2387 572 2429 est:
591 2393 621 2428 ea
631 2393 691 2429 cura
701 2381 796 2443 quietos

189 2466 318 2517 Sollicitat.
352 2469 438 2530 Neque
448 2477 474 2517 te
484 2476 568 2530 muco,
579 2484 659 2533 neque
671 2471 736 2522 dicta
746 2472 841 2521 refello.

189 2556 211 2615 l,
223 2569 323 2619 sequere
334 2558 431 2608 ltaliam
442 2559 522 2608 ventis
533 2580 541 2622 ς
558 2569 614 2622 pete
626 2575 701 2623 regna
710 2576 754 2625 per
764 2561 852 2611 undar.

154 2635 160 2639 ’
187 2646 265 2708 Spero
275 2646 388 2708 equidem
395 2647 492 2708 mediis,
504 2648 525 2696 sl
537 2650 596 2711 quid
607 2651 649 2714 pia
660 2652 762 2701 numina
773 2659 887 2715 possunt,

91 2740 94 2746 '
187 2734 311 2798 Supplicia
321 2736 456 2785 hausurum
466 2737 584 2801 scopulis,
597 2746 623 2787 et
634 2739 737 2788 nomine
747 2741 812 2791 Dido

186 2824 256 2886 Saepc
266 2831 418 2873 vocaturum.
453 2826 548 2888 Sequar
555 2827 616 2876 atris
624 2827 720 2889 ignibus
728 2831 814 2880 absens
826 2851 834 2893 ς

186 2912 230 2973 Et,
240 2927 317 2976 quum
328 2913 417 2976 frigida
427 2928 495 2964 mors
507 2915 591 2965 anima
601 2916 726 2992 sedonerit
737 2927 816 2981 anus,

188 3000 311 3051 Omnibus
322 3004 418 3053 Umbra
429 3004 491 3054 locis
503 3004 585 3056 adero.
618 3007 706 3070 Dabis,
719 3008 832 3075 inprobe,
845 3026 938 3076 ponas.

184 3090 306 3154 dudum,
323 3100 349 3142 et
358 3094 411 3143 irasc
423 3095 505 3158 Manis
516 3096 597 3146 veniet
608 3097 670 3147 mihi
679 3100 745 3150 fama
756 3102 802 3150 sub
812 3101 886 3153 imos.

188 3180 233 3230 His
245 3181 353 3232 medium
364 3183 435 3236 dictis
446 3201 587 3239 sermonem
598 3191 731 3256 abrumpit,
741 3200 767 3242 et
775 3205 847 3242 auras
