2334 3734
188 508 234 555 too
276 490 280 497 '
409 507 438 554 e.
455 503 592 553 ussum
608 501 763 552 usnonrs

190 638 327 685 Hortautur
337 634 408 695 socii,
421 635 519 683 Cretam
531 646 683 696 proavosque
692 639 813 695 mmmm.

190 725 347 787 Prosequitur
358 738 460 785 surgens
471 737 486 771 a
495 724 571 787 puppi
580 723 668 771 ventus
677 722 770 781 euntis,

188 816 221 863 Et
231 815 329 863 tandem
340 814 447 877 antiquis
459 816 578 864 Curcum
589 813 726 862 adlabimur
736 811 796 860 oris.

189 904 255 965 Ergo
266 903 350 953 avidus
362 919 446 953 muros
458 912 547 968 optate
557 903 649 952 molior
658 903 737 963 rubis,

191 993 395 1053 Pergameamque
405 1006 476 1051 voco,
487 1000 513 1039 et
524 993 606 1040 laetam
616 990 762 1052 cognomine
769 996 866 1050 gentem

191 1081 285 1129 Hortor
295 1094 378 1129 amare
390 1082 468 1141 focos,
479 1096 609 1143 arcemque
622 1080 742 1130 adtollere
750 1079 831 1129 tectis.

191 1172 297 1232 Jamque
307 1174 358 1219 sere
369 1171 433 1219 sicco
445 1171 568 1219 subductae
579 1170 653 1219 litore
661 1184 770 1233 puppes3

191 1261 326 1310 Connubiis
337 1262 448 1323 arvisque
459 1262 528 1310 novis
540 1270 639 1323 operata
647 1264 763 1322 juvenum
773 1281 781 1322 ς

191 1354 206 1402 J
208 1367 255 1401 ura
264 1352 397 1418 domosque
407 1352 494 1401 dabam
504 1372 509 1399 :
527 1352 609 1401 subito
620 1366 696 1413 quum
706 1344 926 1409 tabida'membris,

193 1443 319 1505 Corrupto
329 1442 386 1491 coeli
396 1450 486 1502 tractu,
496 1440 683 1503 miserandaque
693 1440 760 1503 venit

191 1532 376 1593 Arboribusque
388 1532 494 1593 satisque
505 1532 569 1591 lues,
580 1538 605 1579 et
615 1529 696 1579 letifer
707 1544 794 1580 annus.

192 1620 345 1683 Linquebant
355 1620 432 1669 dulcis
445 1620 549 1681 animas,
562 1628 605 1669 aut
614 1634 678 1681 egra
687 1620 817 1668 trahebant

194 1710 318 1774 Corpora3
336 1716 389 1759 tum
400 1708 490 1759 sterilis
502 1724 607 1759 exurere
617 1710 696 1759 Sirius
707 1724 795 1772 agros3

193 1802 304 1849 Arebant
313 1801 406 1860 herbae,
418 1808 442 1848 et
453 1799 543 1849 victum
556 1815 623 1861 seges
634 1802 816 1862 aegrauegubat

194 1892 288 1939 Rursus
298 1890 329 1939 ad
339 1891 450 1938 oraclum
463 1890 570 1953 Ortygiae
581 1891 748 1953 Phoebumque
758 1904 871 1944 remenso

195 1982 314 2028 Hortatur
327 1986 395 2041 pater
406 1979 442 2027 ire
453 1980 526 2039 mari,
538 1980 681 2042 veniamque
692 1980 798 2043 preoeri:

195 2071 275 2124 Quam
287 2069 357 2118 fessis
370 2070 445 2118 tinem
456 2071 529 2119 rebus
540 2071 618 2132 ierat;
635 2070 700 2119 uude
711 2071 823 2119 laborum

194 2160 300 2208 Tentare
312 2159 431 2208 auxilium
440 2162 540 2222 jubeat3
559 2175 608 2222 quo
619 2168 713 2209 vertere
724 2175 819 2209 cursus.

228 2249 285 2297 Nox
297 2256 359 2309 erat,
371 2256 396 2297 et
406 2249 478 2297 terris
491 2249 608 2297 animalia
618 2264 720 2298 somnus
730 2250 843 2298 habebat.

195 2337 291 2399 Effigies
303 2352 378 2387 saorae
389 2337 470 2387 divom
482 2337 628 2401 Phrygiique
640 2340 754 2399 Penates,

197 2428 265 2480 Quos
277 2441 373 2475 meeum
384 2429 485 2489 aTroja
496 2426 629 2489 mediisque
640 2441 672 2475 ex
682 2426 778 2485 ignibus
788 2426 855 2476 urbis

106 2506 109 2513 Δ
196 2516 350 2577 Extuleram,
361 2515 407 2564 visi
418 2523 474 2564 ante
485 2516 675 2567 oculosadstare
682 2516 787 2576 jacentis

197 2606 329 2665 insomnis,
341 2605 419 2653 multo
430 2604 553 2652 manifesti
565 2606 669 2665 lumine,
681 2620 766 2668 quase

199 2695 274 2743 Plena
284 2707 327 2755 per
338 2692 441 2740 insertas
453 2692 569 2740 fundebat
579 2694 639 2742 luna
648 2694 784 2757 fenestram

198 2784 262 2830 'Pum
275 2780 309 2830 sic
321 2780 408 2841 adfari,
420 2788 445 2829 et
455 2794 525 2829 ouras
536 2780 574 2830 his
586 2782 684 2832 demere
695 2784 782 2832 dietis:

199 2872 271 2927 Quod
282 2870 327 2920 tibi
336 2870 416 2921 delato
429 2870 555 2934 Ortygiam
565 2871 675 2920 dicturus
686 2873 777 2935 Apollo
788 2883 837 2934 est,

200 2963 246 3013 Hic
257 2960 339 3024 canit3
356 2969 380 3011 et
390 2969 432 3010 tua
443 2976 488 3009 nos
500 2976 530 3009 en
545 2962 610 3009 ultro
620 2962 651 3009 ad
662 2961 748 3011 limina
759 2963 842 3012 mittit.

199 3052 251 3099 Nos
263 3057 298 3110 te,
310 3050 433 3098 Dardania
443 3049 551 3108 incensa,
562 3057 651 3110 tuaque
662 3064 732 3099 arma
741 3052 836 3114 semti3

200 3140 252 3188 Nos
261 3136 381 3190 tumidum
392 3138 438 3185 sub
449 3146 473 3187 te
485 3138 607 3201 pmmensi
618 3139 736 3189 classium
747 3154 845 3203 aequor:
