2334 3734
200 529 249 578 260
425 531 452 577 P.
469 528 606 578 vilemelt
623 527 777 580 MARONIS

200 659 244 719 Et,
255 671 363 708 numum
373 671 475 720 carpene
487 657 569 706 media
578 656 642 706 inter
654 671 748 708 cornua
758 665 842 718 mea,

185 785 189 796 .
201 747 300 810 Ignihua
311 746 408 811 inponit
418 747 505 808 oacriu,
513 747 633 796 libamina
644 747 734 811 prima,

201 841 267 889 Voce
278 853 367 889 nocane
379 841 498 900 Hecaten,
511 840 629 907 coloque
641 841 769 902 Ereboque
778 846 911 904 potentem.

202 929 349 993 Supponunt
359 928 402 978 alii
412 930 517 990 cultros,
528 928 685 992 tepidumque
695 943 809 980 cruorem

203 1019 344 1083 Suscipiunt
354 1019 451 1084 poterin
485 1021 540 1082 lpee
551 1019 599 1068 atri
611 1020 708 1068 velleris
721 1033 808 1082 agnam

203 1110 293 1160 AEneae
304 1110 377 1160 metri
388 1110 553 1159 Eumenidum
564 1103 705 1172 magnoque
717 1110 797 1160 sorori

203 1201 268 1250 linae
278 1200 347 1260 ferit,
357 1199 514 1262 stantemque
525 1199 581 1259 tihi,
595 1199 751 1264 Proserpina,
763 1213 869 1250 vaccam.

201 1292 266 1339 'lum
278 1289 362 1354 Stygio
373 1290 424 1352 regi
435 1298 569 1340 nocnnnaa
580 1290 756 1351 inchoaturus,

196 1373 234 1428 'ut
245 1379 324 1428 solida
335 1379 432 1443 inponit
441 1388 569 1429 taurorum
580 1379 673 1429 viaeera
683 1379 799 1441 flammis,

203 1469 295 1532 Pingue
306 1483 379 1533 oum
389 1471 472 1520 oleum
484 1469 616 1520 infundent
628 1470 769 1520 ardentibus
779 1470 851 1520 extio.

201 1561 264 1610 Ecce
275 1568 367 1620 autent,
378 1559 452 1624 primi
461 1561 508 1609 aub
519 1560 614 1610 lumina
625 1560 684 1610 solia
695 1567 721 1610 et
730 1567 810 1621 ormo,

201 1649 252 1700 Sub
263 1649 363 1713 pedihus
375 1650 470 1712 mugire
480 1651 572 1710 solum,
583 1657 609 1700 et
616 1652 675 1712 juge
684 1657 765 1712 coepta
775 1649 868 1700 moveri

199 1737 331 1797 Silvanum,
343 1738 447 1801 viceque
455 1752 527 1788 canes
538 1740 635 1788 ululare
647 1754 690 1802 per
701 1740 824 1800 umbram,

199 1828 353 1878 Adventante
363 1829 415 1879 deo.
450 1829 576 1888 Proculo,
589 1830 674 1891 procul
686 1837 747 1890 eote,
759 1828 868 1893 profani,

202 1918 347 1968 Conclamat
355 1925 433 1978 votes,
441 1925 542 1980 totoque
553 1918 663 1967 ahaintite
673 1920 746 1980 luco;

200 2007 287 2068 tuque
298 2004 385 2055 invade
395 2005 469 2067 viam,
481 2005 615 2068 vaginaque
626 2007 692 2071 en‘pe
704 2007 807 2059 inrum.

202 2096 274 2144 Nunc
285 2094 374 2145 enimin
384 2110 456 2160 opuo,
467 2097 555 2158 AEnea,
568 2112 635 2147 nunc
646 2105 744 2162 pectore
754 2099 836 2150 firmo.

200 2185 308 2233 Tantum
318 2184 400 2246 eata,
411 2185 497 2236 tenena
508 2193 580 2236 antro
592 2201 619 2238 ee
630 2187 725 2238 inmisit
735 2196 835 2252 aperto:

202 2273 248 2324 Ille
259 2272 345 2324 ducem
355 2273 422 2324 haud
431 2274 524 2326 dmtdu
534 2277 663 2327 vadentem
674 2277 785 2342 pactibus
795 2286 883 2341 aquei.
923 2284 927 2289 ’

233 2363 276 2424 Di,
288 2363 374 2425 quibua
386 2363 516 2429 imperium
526 2374 564 2416 eet
574 2367 723 2429 enimenim,
733 2369 881 2432 Umbriaque
891 2367 1002 2429 silentes,

189 2453 233 2502 'Et
244 2452 336 2514 Chaoe,
344 2460 369 2503 et
381 2455 543 2517 Phlegethon,
554 2457 610 2506 ioca
620 2464 693 2506 nocte
702 2457 807 2508 tacentia
817 2459 876 2520 lace,

200 2540 239 2592 Sit
250 2540 310 2591 mihi
321 2542 358 2592 iae
370 2543 453 2593 audita
462 2545 547 2608 loqui;
564 2545 607 2606 ait,
620 2545 721 2596 numine
731 2553 824 2608 vestro,

201 2629 309 2680 Pendere
320 2644 360 2681 ree
370 2633 421 2681 alta
430 2640 497 2684 terre
506 2640 532 2682 et
542 2634 646 2695 caligine
658 2649 759 2686 mem

200 2721 271 2770 Ibant
282 2721 380 2770 obscuri
390 2723 444 2772 oola
453 2724 500 2771 ouh
511 2730 584 2773 nocte
595 2738 638 2786 per
650 2726 773 2786 umbram,

200 2811 293 2874 Perque
303 2809 390 2862 domoc
402 2812 466 2862 Ditia
477 2827 576 2874 vacuae,
588 2823 614 2864 et
623 2815 706 2865 inania
717 2831 800 2880 regna.

198 2899 276 2955 Quale
287 2901 458 2964 perincertum
470 2904 564 2954 Lunam
574 2905 621 2954 ouh
631 2905 687 2956 luce
698 2906 805 2969 maligna

197 2990 243 3038 Eat
253 2988 300 3039 iter
310 2989 336 3039 in
347 2975 429 3042 εΙΜιξ
446 2992 490 3042 uhi
498 2994 589 3043 ooelum
599 2995 709 3046 condidit
718 2997 805 3047 umbra

196 3078 320 3144 dupplici,
331 3088 357 3131 et
367 3085 441 3133 rehtu
450 3085 502 3134 nox
512 3085 614 3135 abstulit
625 3094 678 3137 atra
688 3089 806 3138 colorem.

197 3167 349 3220 votionum
359 3179 415 3222 ante
425 3171 651 3239 ipeumprimieqne
661 3177 687 3228 in
700 3178 808 3230 taucihna
820 3178 880 3230 Orci
