2334 3734
391 536 393 545 ι
412 506 571 559 AENEIDOS
589 511 652 562 ΗΒ.
670 514 711 566 lv.
920 521 967 570 2⁰7

164 632 372 698 Spumantemque
383 635 437 688 dari
447 653 536 702 peoora
546 641 611 693 inter
622 644 710 695 inertia
721 646 784 697 votis

165 723 241 787 Optat
251 739 348 789 aprum,
359 735 402 778 aut
409 729 504 780 fulvum
515 731 662 784 descendere
673 745 757 787 monte
767 738 874 789 leonem.

197 816 294 866 interea
305 831 392 881 magno
403 820 500 871 misceri
511 839 638 875 murmure
647 827 739 877 coelurn

166 904 260 970 Incipit.
293 909 432 972 Insequitur
443 914 569 963 conmixta
578 917 697 978 grandine
708 918 814 971 nimbus.

163 995 197 1045 Et
207 997 276 1060 Tyrii
286 998 387 1050 comites
398 1002 497 1065 passim,
509 1010 534 1053 et
544 1006 652 1066 Trojano
660 1008 787 1069 juventus„

164 1086 349 1152 Dardaniusque
361 1105 435 1155 nepos
447 1093 559 1154 Veneris,
571 1095 666 1145 diversa
677 1111 720 1161 per
731 1111 802 1160 egros

117 1161 122 1168 ¹
163 1178 239 1227 Tecta
249 1186 315 1229 metu
324 1181 422 1244 petiere.
457 1185 540 1233 Ruunt
549 1184 579 1234 de
591 1185 715 1235 montibus
727 1201 821 1237 amnes.

164 1268 311 1331 Speluncam
323 1270 387 1320 Dido
398 1271 449 1321 dux
460 1280 485 1323 et
495 1276 619 1335 'liniamus
631 1275 741 1326 eamdem

164 1360 310 1410 Deveniunt.
344 1362 428 1412 Prima
437 1372 462 1412 et
472 1365 558 1414 Tellus
570 1369 600 1414 et·
605 1367 717 1430 pronuba
727 1369 795 1418 duno

164 1450 231 1499 Dant
241 1451 352 1513 signum:
370 1453 461 1503 fulsere
471 1454 550 1515 ignes,
562 1463 588 1506 et
597 1456 708 1506 conscius
716 1457 792 1507 aether
879 1489 883 1503 ·

166 1541 317 1606 connubiis3
334 1557 479 1607 summoque
489 1546 618 1596 ulularunt
629 1547 718 1596 vertice
726 1548 854 1612 Nympha.

163 1631 209 1681 Ille
220 1631 272 1682 dies
283 1632 376 1696 primm
388 1634 431 1684 leti
443 1635 584 1698 primusque
596 1637 718 1686 malorum

165 1720 258 1770 Caussa
268 1722 322 1772 fuit.
355 1725 441 1787 Neque
452 1725 519 1774 enim
530 1725 609 1790 speeie
620 1727 713 1776 lamere
725 1734 847 1789 movetur,

165 1813 217 1861 Nec
226 1813 277 1874 jam
289 1813 406 1863 furtivum
416 1814 481 1864 Dido
492 1815 623 1866 meditatur
635 1831 757 1868 amorem:

165 1901 311 1965 Coniugium
322 1912 406 1967 vocat;
424 1905 471 1955 hoc
481 1905 594 1969 praetexit
605 1907 704 1958 nomine
715 1908 821 1972 culpam.

196 1993 327 2058 Extemplo
338 1994 419 2060 Libyae
430 2011 529 2058 magnas
540 1997 560 2046 it
569 1999 644 2047 Fama
655 2011 698 2061 per
710 1997 793 2048 urbis=

165 2083 239 2132 Fama
249 2084 353 2146 malum,
365 2100 414 2148 qno
426 2102 476 2140 non
488 2087 556 2136 aliud
564 2088 669 2138 velocius
679 2090 778 2151 ullum;

164 2172 302 2222 Mobilitate
314 2173 386 2236 viget,
397 2175 509 2238 viresque
519 2177 626 2238 adquirit
643 2177 740 2240 eund03

165 2262 243 2312 Parva
252 2270 319 2313 metu
330 2263 427 2327 primo;
446 2278 504 2315 mox
515 2278 568 2314 sese
578 2265 676 2314 adtollit
688 2265 713 2314 in
725 2279 806 2326 suras,

166 2352 350 2417 lngrfflturque
361 2355 427 2416 solo,
439 2363 464 2404 et
473 2363 546 2419 caput
556 2355 621 2404 inter
633 2355 717 2404 nubila
726 2355 817 2404 eondit.

166 2443 238 2493 Illam
248 2446 327 2494 Terra
337 2460 435 2510 parens,
446 2447 485 2496 ira
495 2445 595 2495 inritata
605 2445 717 2505 deorum,
742 2491 745 2498 .

166 2531 319 2596 Extremam,
331 2544 359 2585 ut
369 2538 506 2600 perhibent,
520 2539 581 2586 Coeo
594 2535 762 2598 Enceladoque
774 2549 884 2586 sororem

168 2625 310 2687 Progenuit‚
322 2626 423 2691 pedibus
434 2629 537 2678 celerem
549 2636 574 2677 et
583 2627 722 2691 pernicibus
734 2626 788 2677 alis.

168 2716 309 2766 Monstrum
331 2717 492 2778 horrendum,
511 2717 611 2779 ingens:
634 2716 685 2779 cui,
705 2724 765 2780 quot
786 2705 844 2766 sunt
864 2729 966 2779 corpore

300 2807 400 2870 plume,

169 2895 219 2944 Tot
228 2895 312 2958 vigiles
323 2896 390 2946 oculi
400 2898 493 2957 subter,
506 2897 617 2947 mirabile
628 2897 706 2957 dictu,

170 2986 220 3035 Tot
229 2963 334 3048 lingue}
342 2986 444 3036 totidem
454 3001 499 3036 ora
509 2995 609 3048 sonant,
617 2993 655 3035 tot
665 2985 769 3047 subrigit
780 2985 853 3036 auris.

171 3077 251 3125 Nocte
262 3078 328 3126 volat
337 3077 395 3127 coeli
405 3076 487 3127 medio
497 3084 627 3140 mumque,
639 3089 682 3140 per
693 3076 806 3125 umbram

170 3166 292 3231 Stridens,
303 3181 348 3218 nec
360 3167 426 3217 dulci
437 3167 542 3218 declinat
552 3166 646 3217 lumino
656 3179 751 3216 somno.
