2334 3734
374 541 571 593 cnonorcon
590 527 651 594 urs.
669 547 688 596 r.
899 550 931 596 rs

125 669 180 715 Aut
190 667 270 728 Atho,
283 675 325 717 aut
335 669 480 734 Rhodopen,
492 679 534 720 ant
544 675 594 722 sits
606 675 728 725 Ceraunia
735 679 785 727 telo

127 755 236 818 Dq'icit;
254 756 405 817 ingeminant
414 760 490 807 eustn'
502 769 526 809 et
536 762 694 813 densissimus
707 766 801 829 imber3

131 846 207 893 Nunc
218 859 320 895 nemore
330 847 421 908 ingenti
432 857 516 909 vento,
528 865 594 900 nunc
605 854 679 902 litore
691 855 816 917 plangunt.

130 935 185 982 Hoc
196 942 318 995 metuens,
330 937 385 984 coeli
396 951 490 986 menses
501 947 526 988 et
537 941 616 989 sidera
626 955 709 1006 serm

128 1023 227 1085 Frigida
239 1025 338 1073 Saturni
350 1039 402 1075 sese
413 1041 461 1088 qno
472 1030 543 1077 stella
553 1039 675 1093 receptet;

130 1117 198 1168 Quos
211 1114 274 1175 ignis
285 1115 342 1163 coeli
356 1117 479 1179 Cyllenius
490 1127 555 1167 erret
565 1120 591 1167 in
602 1122 684 1170 orbes.

132 1205 161 1252 ln
172 1204 260 1266 primis
271 1217 386 1254 venerare
397 1206 466 1266 deos,
479 1215 549 1269 atque
560 1223 642 1259 annua
652 1225 745 1272 megnae

130 1294 205 1341 Sacra
215 1293 280 1341 refer
293 1294 377 1342 Cereri
387 1295 450 1342 laetis
462 1304 575 1356 operatus
586 1296 613 1344 iu
624 1297 716 1358 herbis,

130 1382 254 1429 Extremae
265 1381 312 1428 sub
323 1395 407 1430 cesum
418 1382 516 1442 hiemis,
525 1385 577 1443 jam
588 1399 645 1433 vere
656 1399 751 1435 sereno.

129 1471 200 1517 'lime
211 1469 313 1531 pingues
325 1470 392 1530 agni,
404 1478 429 1518 et
438 1479 497 1520 tunc
509 1472 654 1520 mollissime
664 1474 721 1522 vina
730 1494 739 1535 3

130 1559 200 1606 'iimo
212 1557 295 1606 somni
306 1557 387 1606 dulces
397 1558 525 1621 densaeque
536 1560 562 1608 in
574 1561 699 1610 montibus
709 1563 810 1612 urnbrae.

130 1649 223 1697 Cuncta
233 1648 278 1697 tibi
291 1647 403 1696 Cererem
416 1650 490 1710 pubes
502 1650 602 1710 agrestis
614 1651 714 1713 adoret3

131 1739 176 1786 Cui
188 1745 217 1786 tu
228 1739 292 1786 lacte
302 1737 369 1786 feros
379 1744 404 1785 et
415 1737 469 1785 miti
479 1738 545 1785 dilue
557 1740 663 1798 Boccho,

129 1829 225 1890 Terque
237 1840 312 1875 noves
324 1827 414 1875 circum
426 1827 486 1875 felix
497 1835 536 1876 ent
547 1828 628 1877 hostia
638 1829 734 1893 fruges3

132 1916 220 1965 Omnis
231 1929 305 1978 quam
314 1917 403 1965 chorus
414 1923 439 1965 et
450 1917 509 1965 socii
520 1917 667 1967 comitentur
677 1929 787 1982 ovantes,

132 2007 164 2055 Et
176 2008 291 2056 Cererem
301 2007 408 2055 clumore
418 2015 505 2056 vocent
515 2007 541 2055 in
553 2015 632 2070 tecttt3
649 2025 727 2072 neque
738 2020 794 2060 onte

133 2096 231 2144 Falcem
242 2095 344 2144 maturis
356 2095 483 2158 quisquam
495 2104 616 2159 supponat
626 2099 717 2159 aristis,

135 2185 215 2238 Quam
228 2184 311 2234 Cereri
323 2192 388 2233 torte
399 2184 524 2234 redimitus
536 2193 647 2248 temporo
656 2201 747 2250 quercu

135 2277 182 2324 Det
193 2283 276 2324 motus
288 2275 473 2339 incompositos,
484 2284 509 2325 et
520 2277 629 2326 carmine
639 2277 711 2326 dicet.

167 2365 249 2426 Atque
259 2365 312 2413 baec
323 2371 351 2413 ut
361 2365 434 2414 certis
444 2365 566 2427 pessimun
578 2366 670 2415 discere
680 2367 764 2427 signis,

138 2454 280 2515 AEstusque,
292 2453 442 2516 pluviasque,
454 2464 478 2504 et
489 2456 581 2518 agentis
593 2456 683 2516 frigora
693 2465 793 2505 ventos:

138 2543 191 2604 lpse
203 2544 276 2590 Pater
288 2542 382 2602 stabnt,
393 2543 452 2605 quid
463 2552 589 2593 menstrua
600 2545 670 2591 Luna
680 2549 792 2591 moneret

140 2632 194 2684 Quo
206 2631 276 2692 siguo
287 2632 401 2681 oederent
411 2633 504 2694 aurtri3
522 2632 580 2694 quid
590 2647 653 2695 saepe
661 2631 769 2681 videntes

139 2720 260 2780 Agricolae
271 2720 370 2784 propius
381 2723 482 2770 stabulis
494 2728 604 2770 armenta
614 2728 732 2770 tenerent.

143 2808 275 2870 Continuo,
288 2810 366 2859 ventis
378 2811 541 2873 surgentibus,
550 2819 593 2859 aut
604 2813 666 2860 freto
676 2812 744 2874 ponti
799 2823 805 2832 ‘

144 2893 361 2956 Incipiuntegitutn
371 2903 516 2955 tumescere,
528 2902 553 2944 et
560 2895 643 2944 aridus
653 2895 710 2943 aitis

143 2981 269 3032 Montibus
283 2984 363 3033 audiri
374 2987 456 3046 fragor
464 2981 478 3046 ς’
490 2992 532 3033 ant
539 2967 679 3034 resonantis
688 2984 761 3043 longe

143 3072 226 3122 Litora
237 3073 345 3135 mitten,
355 3082 380 3123 et
390 3087 519 3124 nemorum
529 3074 709 3122 increbrescere
718 3087 835 3122 murmun

142 3163 197 3210 Jam
206 3163 251 3212 sibi
263 3171 316 3213 tum
326 3163 405 3213 curvis
417 3164 480 3212 male
491 3171 611 3226 temperat
619 3163 686 3212 unde
692 3163 798 3212 cerinis:
