2334 3734
421 516 577 567 AENEIDOS
595 516 657 567 but.
674 519 706 565 X.

171 626 276 696 inminet
288 647 331 709 idn
341 660 423 709 super,
435 645 544 708 profugis
554 644 691 706 gratissime
700 643 810 694 Teucris.

171 736 217 786 Hic
229 750 329 798 mugnus
340 736 407 785 sedet
418 736 519 795 AEneas,
531 749 660 796 secumque
669 735 764 783 volutet

170 828 277 876 Eventus
287 826 346 875 belli
357 825 436 875 varios
447 846 456 887 3
474 826 601 887 Pallasque
614 824 714 873 sinistro

170 914 272 963 Adfixus
283 915 352 963 lateri
361 916 413 975 jum
425 915 512 976 querit
522 914 612 973 sideru,
623 928 704 977 opaeoe

172 1002 385 1063 Noctis,iter,jum
396 1016 449 1064 quae
461 1016 545 1064 passus
557 1009 670 1063 terreque
680 1000 799 1063 murique.

205 1090 306 1139 Pandite
317 1105 381 1139 nunc
394 1090 522 1150 Helieone,
533 1090 594 1149 deae,
604 1098 736 1155 oenmsqse
748 1096 859 1149 morste3

172 1180 232 1232 Quae
244 1192 329 1227 manus
341 1178 435 1227 interes
443 1178 530 1227 'luscis
542 1177 672 1225 comiteur
682 1178 713 1224 nb
726 1176 777 1224 oris

173 1269 277 1328 AEneun,
289 1276 413 1329 armetque
424 1275 498 1326 retes,
511 1268 642 1329 pelagoque
652 1266 762 1315 venatu.

205 1357 324 1405 Massicus
335 1362 409 1404 aerstn
419 1355 530 1417 prinecps
541 1362 606 1403 senet
616 1367 714 1415 equora
724 1353 796 1414 tigri:

174 1446 224 1496 Sub
236 1460 283 1507 qno
295 1446 363 1493 mille
375 1459 461 1494 uranus
469 1446 596 1510 juvenum,
608 1444 650 1506 qui
662 1443 752 1491 moeniu
763 1436 846 1503 Clusi,

175 1534 270 1595 Quique
280 1534 365 1582 urbem
373 1533 465 1594 liquere
477 1533 567 1580 Cosas:
585 1531 710 1593 quintolo,
722 1530 814 1592 sagitte

175 1621 304 1685 corytique
317 1622 379 1670 leves
391 1620 499 1669 humeris
510 1628 536 1668 et
546 1620 627 1669 letifer
637 1634 717 1671 mous.

177 1712 234 1761 Une
244 1718 326 1759 torvus
338 1712 418 1759 Abas:
435 1710 494 1758 huic
503 1717 582 1759 totum
594 1709 729 1770 insignibus
739 1707 815 1757 ermis

175 1799 280 1858 Agmen,
292 1805 317 1845 et
327 1806 412 1852 eureto
424 1798 530 1858 fulgebat
540 1797 656 1860 Apolline
667 1796 762 1860 puppis.

177 1886 308 1935 Sescentos
319 1861 361 1933 illi‘
367 1886 465 1937 dederat
477 1886 613 1949 Populonio
621 1894 698 1935 meter

161 2002 165 2009 =
176 1974 297 2035 Expertos
307 1975 366 2023 belli
373 1977 487 2035 juvenes:
506 1983 543 2024 ast
556 1977 607 2024 Ilva
617 1983 738 2026 usosntos

178 2062 271 2121 Insula,
283 2062 432 2111 inexhaustis
445 2064 581 2124 Chalybum
592 2078 709 2124 generose
720 2064 834 2113 metallis

177 2150 285 2209 Tertius,
297 2150 339 2197 ille
351 2150 479 2197 hominum
490 2150 619 2211 divomque
629 2151 748 2212 interpres
758 2152 856 2213 Asylus,

181 2237 227 2286 Cui
238 2236 355 2299 pecudum
364 2237 442 2296 fibrae,
453 2236 510 2285 coeli
520 2236 559 2284 cui
570 2237 649 2285 sidera
658 2246 755 2298 parent,

179 2327 212 2375 Et
223 2325 311 2386 lingum
322 2326 458 2385 volucrum,
471 2334 495 2374 et
505 2325 606 2387 praesegi
617 2325 727 2373 fulminis
738 2327 817 2386 ignes,

181 2413 253 2463 Mille
264 2415 327 2477 repit
338 2415 426 2463 densos
438 2415 488 2463 scie
500 2422 571 2476 atque
582 2414 738 2464 horrentibus
745 2414 831 2464 hastis.

182 2505 233 2552 Hos
245 2518 328 2566 parere
337 2504 423 2565 jubent
434 2504 534 2566 Alpheae
546 2505 575 2552 ab
586 2502 679 2564 origine
691 2502 767 2552 rum

182 2593 247 2641 Urbs
258 2594 361 2641 Etrusca
370 2593 432 2641 solo.
466 2593 579 2655 Sequitur
590 2592 750 2655 pulcenimus
761 2594 847 2653 Astur,

181 2682 256 2727 Astur
267 2695 328 2741 equo
339 2681 415 2731 fidens
426 2688 451 2730 et
462 2681 647 2731 versicoloribus
656 2681 738 2732 ermis

182 2769 327 2817 Tercentum
336 2770 461 2831 adjiciunt,
474 2786 543 2820 mens
553 2770 668 2820 omnibus
678 2784 729 2819 uns
735 2770 862 2832 wquendi,

184 2858 232 2913 Qui
243 2860 335 2909 curete
347 2860 430 2921 domo,
442 2863 549 2924 quisunt
560 2861 678 2912 Minionis
691 2862 716 2909 in
729 2860 803 2923 urvis,

115 2985 118 2993 ,
184 2948 216 2996 Et
227 2948 296 3010 Pyrgi
308 2956 409 3009 veteres,
421 2950 618 3013 intempestumque
628 2949 758 2999 Grauisca.

177 3022 184 3028 ”
218 3038 274 3083 Nou
286 3049 330 3096 ego
338 3044 372 3096 ts,
385 3036 500 3097 Ligurum
510 3039 596 3099 ductor
608 3037 740 3087 fortissime
750 3037 826 3097 bello,

913 522 961 569 383

185 3124 345 3185 Transierim‚
357 3124 456 3187 Cinyra,
467 3134 493 3175 et
501 3126 584 3189 paucis
594 3126 709 3175 comitate
721 3127 831 3188 Cupauo,
929 3135 932 3140 ·
