2334 3734
276 523 284 534 ’
386 536 551 587 nnaloos
569 537 633 587 Lm.
649 534 692 588 v1.
898 540 946 588 271

147 667 229 715 Multa
238 673 484 731 putanu„aortemque
495 667 578 717 animo
589 667 718 717 miserans
729 666 846 731 iniquam.

148 756 234 806 Cernit
244 756 278 805 ibi
290 764 389 816 mastos
401 764 427 806 et
437 757 523 806 mortis
533 757 628 806 honore
639 757 754 819 ementis,

147 846 301 910 Leucaspim,
313 853 338 895 et
348 847 427 910 Lyciae
437 846 563 895 duetorem
573 846 657 895 clmaia
670 847 782 897 Oronten
793 868 799 896 =

148 937 216 990 Quos
228 935 312 996 simul,
325 950 339 983 a
350 937 427 995 Troja
437 911 536 984 ventosa
548 950 590 998 per
601 950 700 999 aequora
711 944 802 997 vectos,

148 1022 240 1074 Obruit
249 1032 341 1084 auster,
354 1038 417 1085 aqua.
427 1024 551 1073 involvens
563 1038 696 1087 navemque
703 1025 824 1088 virosque.

181 1116 244 1163 Ecee
255 1116 402 1176 gubernator
414 1129 466 1163 seue
479 1116 608 1175 Palinuron
620 1117 719 1177 agebatx

149 1205 199 1261 Qui
210 1184 300 1269 Libyco
313 1220 389 1268 nuper
402 1220 484 1264 cursu,
497 1205 555 1254 dum
567 1206 648 1255 sidera
658 1216 747 1269 servat,

149 1295 282 1344 Exciderat
290 1295 362 1358 puppi
376 1295 461 1343 mediis
473 1295 563 1343 aliusue
574 1296 601 1344 in
613 1296 693 1345 uudia.

151 1387 224 1434 Hunc
236 1385 278 1433 ubi
287 1384 328 1433 vix
338 1386 416 1433 multa
427 1393 538 1433 mustum
549 1386 662 1447 cognovit
674 1386 700 1435 in
711 1389 816 1452 umbra;

151 1476 191 1526 Sic
203 1475 270 1538 prior
282 1474 435 1536 adloquitur:
455 1474 515 1529 Quis
527 1484 562 1535 te,
577 1476 701 1535 Palinure,
713 1476 816 1526 deorum

148 1566 249 1629 Eripuit
259 1565 341 1625 nobis,
353 1565 481 1627 medioque
493 1566 538 1613 sub
548 1579 645 1625 aquore
657 1565 761 1614 mersit?

151 1655 197 1705 Dic
208 1670 259 1716 age.
293 1657 404 1716 Namque
416 1655 488 1713 mibi,
501 1655 575 1702 fallax
588 1656 651 1703 haud
663 1663 720 1704 alite
731 1664 851 1719 repertu,

153 1747 207 1794 Hoc
219 1760 268 1794 uno
280 1759 398 1808 responso
407 1744 517 1793 animum
529 1745 619 1806 delusit
628 1747 734 1809 Apollo:

154 1835 202 1891 Qui
213 1835 267 1884 fore
278 1844 302 1885 te
313 1843 388 1899 ponto
400 1836 558 1896 incolumem,
570 1838 675 1899 finisque
685 1839 787 1888 canebat

153 1928 290 1976 Venturum
301 1925 433 1973 Ausonios.
467 1928 504 1975 En
515 1927 567 1974 haec
579 1928 699 1990 promissa
709 1928 769 1977 fides
780 1931 834 1978 eet?

154 2017 200 2067 Ille
211 2023 304 2064 autem:
324 2018 409 2077 Neque
419 2016 540 2065 tePhoebi
552 2017 649 2065 cortina
659 2016 756 2078 fefellit,

154 2107 213 2155 Dux
223 2104 380 2164 Anchisiada,
392 2119 437 2153 nee
450 2118 488 2152 me
498 2104 558 2153 deus
570 2120 667 2165 aequore
680 2106 773 2155 mersit.

157 2197 268 2256 Namque
278 2193 452 2255 gubernaclum
465 2195 543 2241 multa
553 2194 576 2241 vi
588 2194 651 2243 forte
662 2196 794 2256 revulsum,

157 2285 203 2335 cui
214 2284 284 2333 datus
295 2284 417 2332 haerebam
428 2290 520 2342 custos,
532 2297 665 2344 cursusque
675 2285 799 2345 regebam,

157 2374 313 2437 Pracipitana
324 2373 389 2422 traxi
402 2385 505 2419 mecum.
539 2372 619 2418 Maria
628 2385 713 2433 aspera
720 2374 790 2433 iuro,

158 2463 215 2511 Nou
227 2463 306 2509 ullum
318 2476 362 2524 pro
375 2473 414 2508 me
424 2467 520 2507 tantum
531 2458 623 2521 cepisse
633 2458 758 2519 timorem,

158 2555 239 2608 Quam
251 2561 293 2601 tua
304 2566 344 2611 ne,
356 2551 460 2613 spoliata
469 2548 554 2608 armb,
566 2563 669 2599 extunsa
679 2547 806 2611 magistro,

158 2643 280 2692 Deficeret
290 2640 364 2689 tantis
375 2640 443 2689 navis
456 2638 609 2701 surgentibus
619 2638 701 2688 undio.

158 2733 216 2782 'liis
227 2740 299 2783 notua
311 2734 425 2781 hibernas
436 2732 548 2780 inmensa
558 2744 601 2793 per
611 2744 710 2793 aequora
719 2730 798 2780 noetis

160 2822 234 2873 Vexit
244 2837 284 2871 me
294 2822 415 2871 violentus
426 2836 502 2884 aqua:
521 2820 560 2868 vix
571 2820 665 2869 lumine
675 2829 763 2883 quarto

162 2913 279 2977 Prospexi
292 2913 398 2972 ltaliam,
411 2903 506 2961 summa
517 2909 629 2960 sublimis
641 2911 671 2957 ab
683 2909 756 2958 unda
815 2954 817 2960 .

162 3004 293 3053 Paullatim
305 3003 423 3053 adnabam
433 3011 505 3052 terrae
516 3023 524 3065 ;
538 3005 591 3063 jam
602 3009 655 3049 tuta
666 3001 791 3048 tenebam:

155 3074 197 3143 'Ni
208 3108 266 3157 gena
277 3093 383 3144 crudelia
395 3092 491 3142 madida
501 3107 557 3141 cum
568 3100 634 3139 veste
645 3096 780 3150 gravatum,

162 3188 370 3247 Premantemque
381 3183 450 3233 uncia
462 3183 573 3234 manibus
584 3180 664 3243 capita
674 3192 759 3243 aspera
769 3178 870 3240 muntia
