2334 3734
365 495 522 547 AENEIDOS
539 499 602 546 tus,
620 500 676 547 xil.
890 503 938 552 stt

137 620 176 670 Sic
187 620 231 680 ait,
242 620 398 683 adductisque
409 636 493 673 amens
504 624 615 673 subsistit
623 624 732 675 habenis.
814 646 818 651 ’

135 710 216 771 Atque
226 709 293 769 huic,
305 704 428 759 infaciem
439 726 509 760 soror
520 720 547 760 ut
558 726 674 762 conversa
685 711 782 763 Metisci

134 796 241 858 Aurigae‚
253 812 399 859 currumque
410 807 435 847 et
445 814 519 860 equos
531 807 557 847 et
567 801 621 848 lora
630 798 736 861 regebat,

133 884 235 934 Talibus
248 886 354 935 occurrit
364 887 449 937 dictis:
470 890 532 946 Hac,
543 890 639 949 Turne,
651 904 782 951 sequamur

133 974 295 1035 'f'rojugenas‚
307 990 355 1039 qua
364 977 443 1038 prima
454 977 517 1025 viam
528 977 629 1026 victorin
639 978 739 1042 pendit3

134 1063 197 1111 Sunt
207 1064 259 1124 alii,
271 1065 312 1126 qui
323 1073 386 1115 tectu
394 1058 471 1115 'manu
483 1067 614 1115 defendere
625 1068 728 1129 possint.

132 1150 227 1210 ingruit
235 1153 325 1201 AEneas
337 1152 416 1212 ltelis,
427 1160 452 1201 et
462 1153 548 1216 proelia
559 1156 661 1217 miscet;

131 1239 163 1287 Et
169 1250 214 1287 nos
225 1254 287 1289 saevu
298 1255 371 1291 manu
382 1241 506 1290 mittamus
518 1243 605 1291 fruere
615 1243 746 1293 Teucris·

132 1328 183 1375 Nec
195 1343 296 1377 numero
309 1329 420 1391 inferior,
429 1309 515 1391 pugnei
526 1344 570 1379 nec
580 1331 675 1379 honore
685 1331 790 1381 recedes.

123 1417 229 1465 'furnus
242 1417 272 1465 ad
282 1418 347 1467 hec:

131 1504 153 1552 0
165 1518 245 1565 soror,
258 1512 283 1553 et
293 1506 392 1567 dudum,
405 1507 518 1568 adgnovi,
529 1522 586 1557 cunr
597 1506 677 1569 prima
685 1522 728 1570 per
738 1516 816 1557 artem

128 1594 229 1642 Foedern
238 1595 351 1655 turbasti,
358 1604 429 1657 teque
439 1596 491 1645 hoec
502 1596 528 1645 in
536 1596 602 1645 bella
613 1595 700 1645 dedisti
713 1616 721 1657 ;

128 1682 161 1730 Et
171 1697 235 1730 nunc
247 1683 408 1745 nequidquam
417 1684 482 1733 fallis
492 1685 538 1734 dee
548 1704 556 1746 3
574 1683 616 1733 sed
626 1683 680 1745 quis
693 1684 797 1747 Olympo

128 1770 264 1819 Demissem
276 1778 356 1820 tantos
366 1772 444 1821 voluit
454 1781 478 1823 te
489 1774 553 1823 ferre
563 1775 659 1823 iabores
671 1774 681 1820 ?

127 1860 167 1906 An
179 1860 259 1908 fratris
271 1860 353 1909 miseri
363 1862 440 1911 letum
452 1870 481 1911 ut
489 1862 589 1912 crudele
599 1861 712 1910 videres?

127 1946 191 1996 Nem
202 1947 259 2009 quid
270 1951 333 2009 ago?
353 1958 395 2000 aut
407 1966 459 2012 quae
468 1952 520 2011 jam
531 1950 633 2013 spondet
644 1952 753 1999 Fortuna
764 1949 885 1999 salutem?

122 2033 177 2083 Vidi
189 2037 273 2084 oculos
285 2044 340 2086 ante
351 2039 402 2101 ipse
413 2052 491 2098 meos,
503 2052 543 2087 me
553 2053 612 2087 voce
621 2045 760 2098 vocantem,

123 2124 279 2183 Murranum,
290 2139 339 2185 quo
350 2140 400 2173 non
412 2134 511 2188 superat
521 2126 581 2186 mihi
591 2127 670 2176 carior
680 2127 752 2187 citer,

123 2209 254 2271 oppetere,
264 2210 396 2272 ingentem,
408 2220 480 2273 etque
487 2212 579 2273 ingenti
587 2216 686 2263 volnere
695 2214 795 2264 vietum.

122 2296 219 2345 Occidit
227 2297 324 2358 infelix,
336 2314 367 2348 ne
379 2307 490 2348 nostrum
501 2300 604 2349 dedecus
616 2304 695 2352 Ufens

119 2386 276 2448 Adspiceret3
293 2378 383 2435 Teucri
393 2387 518 2449 potiuntur
529 2403 631 2452 corpore
641 2397 667 2438 ct
675 2390 764 2439 armis·

120 2472 267 2523 Exscindine
279 2476 376 2534 domos,
385 2475 410 2523 id
421 2476 493 2523 rebus
502 2454 675 2537 defuit‘ununr,

121 2562 246 2624 Perpetiar
258 2564 268 2609 ?
286 2562 372 2610 dextra
379 2577 423 2612 nee
431 2562 533 2611 Drancis
544 2562 610 2613 dicta
621 2564 750 2613 refellam?

122 2650 200 2709 Terga
210 2650 272 2698 dabo
281 2652 291 2698 ἓ
311 2656 336 2698 et
346 2653 459 2699 'iurnum
466 2651 599 2711 fugientem
610 2652 663 2699 haec
673 2651 851 2701 terreridebit?

122 2738 205 2798 Usque
216 2737 308 2787 adeone
318 2738 379 2787 mori
391 2738 508 2791 miserum
517 2742 572 2787 est?
592 2753 635 2787 vos
643 2733 662 2787 ‘o
673 2738 733 2787 mihi
745 2741 832 2789 Manes

121 2826 178 2873 Este
189 2825 261 2875 boni:
280 2827 393 2888 quonium
407 2827 500 2891 superis
512 2841 594 2877 aversa
603 2827 723 2875 voluntas.

120 2913 209 2962 Sancta
219 2912 250 2961 ad
260 2926 303 2963 vos
313 2913 405 2974 anima,
417 2924 488 2977 atque
500 2914 569 2965 istius
581 2914 659 2963 inscia
669 2915 745 2993 culpe

120 3001 285 3062 Descendam‚
297 3015 442 3063 magnorum
453 3003 519 3052 haud
530 3017 646 3065 umquam
657 3001 771 3072 indignus
781 3014 890 3051 erorum„

150 3086 198 3139 Vix
209 3090 313 3139 ecfatus
324 3098 392 3152 erat3
410 3090 504 3140 medios
512 3093 587 3153 volat,
599 3105 666 3151 ecce,
677 3106 719 3154 per
730 3089 809 3145 hostis

485 3206 536 3250 tu
