2334 3734
386 481 567 532 BUCOLICA.
594 460 667 533 ece.
685 485 705 532 1.

146 610 202 657 Nee
213 615 265 656 tam
275 609 401 672 presentis
412 609 471 662 aiibi
482 623 628 672 cognoscere
638 610 715 661 divos.

145 697 195 746 Hic
205 697 277 746 illum
286 697 336 746 vidi
344 699 469 760 juvenem,
481 699 608 760 Meliboee,
619 699 750 762 quotannis

146 785 192 834 Bis
204 799 276 835 senos
287 786 327 839 cui
338 793 423 836 nostra
432 787 488 838 dies
496 788 582 838 altatis
594 789 698 840 fumant.

151 873 200 923 Hie
211 873 272 924 mihi
284 885 428 938 responsum
438 875 532 939 primus
544 877 612 926 dedit
620 877 664 926 ille
672 876 779 940 petenti:

150 963 257 1026 Pascite,
265 972 295 1014 ut
304 967 466 1026 aute‚.b0ves,
478 965 547 1028 pueri
557 985 566 1028 ;
583 965 718 1016 submittite
728 974 819 1016 mures.

182 1055 236 1102 Mu.
253 1055 386 1116 Forumaua
396 1069 482 1116 seusu,
489 1069 549 1118 ergo
559 1063 603 1106 tua
612 1061 672 1106 rura
680 1055 828 1105 manebunt!

147 1144 183 1191 Et
191 1141 237 1192 tibi
247 1158 335 1206 magna
345 1144 419 1208 satis3
437 1145 546 1207 quemvis
557 1146 619 1209 lapis
629 1147 713 1196 omnia
723 1146 815 1207 nudus,

150 1232 298 1298 Limoseque
307 1236 377 1298 palus
388 1235 493 1286 obducas
502 1249 591 1300 pascua
595 1238 679 1296 iuneo.

151 1323 176 1369 N
177 1336 210 1370 on
223 1321 317 1372 insueta
327 1325 406 1386 gravis
413 1327 543 1376 tentabunt
553 1326 643 1388 pabula
652 1325 715 1374 fetas
725 1344 735 1386 ς

152 1411 205 1459 Nee
216 1413 281 1460 maia
290 1412 362 1466 vieini
373 1413 467 1476 peeoris
475 1414 587 1477 contagia
597 1413 696 1462 laedent.

150 1500 284 1550 Fortunate
296 1517 381 1562 senex,
392 1503 432 1550 hic
443 1503 507 1552 inter
518 1502 622 1551 flumine
632 1509 692 1550 uota

148 1590 184 1637 Et
195 1590 271 1638 fontis
282 1605 362 1641 saeros
374 1591 451 1653 frigus
461 1591 567 1654 captabis
579 1604 692 1654 opaeum

152 1677 228 1738 Hinc,
239 1677 284 1726 tibi
294 1693 348 1741 quoe
357 1687 454 1742 semper
465 1679 545 1728 vicino
555 1681 588 1728 sb
598 1678 676 1728 limite
686 1691 762 1742 sepes

150 1764 258 1827 Hyblaeis
271 1765 355 1828 apibus
367 1766 453 1816 flerem
464 1765 563 1829 depasta
573 1765 662 1827 efficti,

150 1853 220 1915 Saepe
230 1853 278 1901 levi
286 1867 400 1902 somnum
413 1855 523 1903 suadebit
535 1853 598 1902 inire
610 1868 719 1903 muurro.

152 1941 217 1990 Hinc
228 1941 278 1990 alta
287 1945 333 1991 sub
344 1957 404 2006 rupe
414 1951 485 1992 canet
495 1942 623 1990 frondator
635 1942 666 1990 ad
675 1956 763 2004 auras3

150 2028 203 2080 Nec
212 2023 295 2079 tamen
307 2031 400 2079 interea
412 2045 501 2092 raueoe,
512 2038 634 2091 macuta,
645 2032 770 2094 palumbes

150 2121 203 2168 Nee
215 2134 311 2181 gemere
322 2120 388 2168 aeria
397 2120 501 2168 cessabit
511 2127 594 2169 bunut
605 2121 636 2169 ab
645 2121 722 2169 ulmo.

180 2209 222 2257 Τι.
238 2205 305 2257 Aute
315 2210 379 2258 leves
391 2223 447 2270 ergo
455 2216 584 2272 pascentur
595 2209 621 2256 in
631 2209 721 2257 ethere
732 2206 806 2266 cervi,

150 2297 183 2344 Et
194 2296 258 2344 freta
269 2295 401 2344 destituent
411 2296 491 2345 nudos
502 2295 529 2344 in
540 2296 614 2345 litore
624 2296 709 2359 piscis:

148 2387 226 2446 Ante,
237 2386 368 2448 pererratis
380 2387 508 2435 amborum
519 2386 620 2446 finibus,
632 2385 702 2434 exsul

150 2475 202 2522 Aut
212 2474 312 2522 Ararim
324 2472 429 2524 Parthus
439 2474 516 2536 bibet,
528 2481 571 2523 aut
583 2471 715 2522 Germania
724 2471 834 2532 Tigrim:

151 2564 232 2618 Quam
244 2571 329 2612 nosue
341 2564 412 2614 iliius
420 2565 515 2612 labatur
527 2571 626 2626 pectore
636 2562 726 2610 vultus.

181 2653 237 2701 Me.
252 2653 288 2700 As
298 2667 344 2701 nos
354 2653 412 2702 hinc
423 2652 466 2700 alii
477 2652 581 2701 sitientis
594 2651 683 2700 ibimus
694 2651 786 2712 Air0s3

150 2743 210 2788 Pars
222 2739 345 2804 Scythiam
356 2750 382 2789 et
392 2736 504 2804 rapidum
516 2743 597 2790 Uretae
608 2739 732 2789 veniemus
744 2738 850 2797 ouem,
905 2737 909 2744 '

150 2830 184 2876 Et
195 2829 293 2891 penitus
303 2837 357 2878 tuto
368 2829 463 2879 diuisos
474 2831 533 2880 orbe
544 2829 685 2878 Britannos.

150 2918 202 2976 En,
213 2932 329 2980 umquam
339 2919 431 2981 patrios
442 2921 515 2980 longo
527 2925 583 2982 posi
594 2926 704 2980 tempore
715 2915 782 2977 finis,

151 3005 269 3068 Pauperis
280 3015 306 3054 et
316 3006 400 3069 tuguri
411 3015 553 3069 congestum
564 3006 655 3070 cespibe
664 3007 772 3064 eulmen,

150 3095 211 3142 Post
223 3093 326 3157 aliquot,
338 3111 393 3146 mea
403 3111 478 3158 regna
488 3097 584 3157 videus}
596 3095 705 3144 mirabor
716 3093 821 3142 aristas?
