2334 3734
412 532 571 583 AENEIDOS
589 534 652 583 ΗΒ.
669 536 712 584 vi.
913 536 961 584 265

159 662 267 711 Eventus
280 660 362 711 animo
369 675 461 713 seeum.
496 662 542 713 Cui
553 662 617 713 fidus
627 664 734 714 Achates

127 764 129 769 ·
160 754 184 803 it
194 766 287 813 eomes,
298 760 324 801 et
334 751 432 815 paribus
443 751 507 801 curis
519 753 620 815 vestigia
630 752 691 815 figit.

159 843 240 892 Multa
250 840 314 891 inter
325 856 378 891 sese
388 841 456 891 vario
467 856 580 891 sermone
590 844 717 893 serebant:

159 935 239 989 Quem
249 932 343 983 socium
355 933 493 983 exanimem
504 940 580 995 vates,
592 934 659 997 quod
668 948 756 998 oorpus
766 934 917 984 humandum

157 1022 262 1073 Diceret.
295 1026 375 1086 Atque
386 1025 423 1072 illi
437 1025 560 1074 Misenum
571 1024 598 1073 iu
608 1023 683 1075 litore
693 1024 769 1085 sioeo,
875 1070 878 1080 ,

158 1115 195 1163 Ut
205 1128 304 1174 venere,
315 1113 398 1163 vident
409 1113 508 1175 indigna
519 1122 599 1163 morte
609 1122 761 1181 peremtum

158 1203 283 1253 Misenum
294 1203 424 1253 AEoliden:
441 1218 490 1265 quo
501 1218 551 1253 non
563 1204 718 1267 praestantior
729 1206 792 1253 aiter

155 1295 216 1344 AEre
225 1294 290 1344 ciere
300 1294 378 1355 viros,
389 1296 542 1356 Martemque
552 1293 688 1342 adcendere
698 1301 779 1343 cantur.

158 1384 272 1434 Hectoris
282 1383 323 1432 hic
335 1382 416 1443 magni
428 1384 508 1433 fuerat
518 1397 617 1445 eomes3
635 1376 742 1432 Hectora
752 1382 844 1457 circum

155 1474 188 1522 Et
197 1472 260 1523 lituo
271 1488 363 1537 pugnos
375 1472 477 1534 insignis
489 1470 572 1521 obibat
583 1478 610 1520 et
620 1471 704 1521 hastas

156 1564 289 1631 Postquam!
299 1562 370 1611 ilium
381 1561 432 1610 vita
443 1560 520 1610 victor
529 1560 643 1624 spoliarit
652 1560 774 1621 Achilles,

154 1651 278 1701 Dardanio
289 1653 374 1701 AEneos
385 1665 438 1701 sese
450 1649 599 1699 fortissimus
610 1651 683 1699 heros

56 1756 61 1766 ·
153 1740 288 1791 Addiderat
298 1741 404 1800 socium,
416 1754 467 1789 non
479 1740 597 1789 interiora
607 1749 711 1791 secutus.

153 1830 202 1881 Sed
213 1839 276 1892 tum,
290 1831 354 1880 torte
364 1842 422 1879 cava
433 1830 492 1879 dum
504 1838 621 1893 personat
630 1844 729 1894 aequora
738 1832 842 1892 concha,

152 1922 270 1981 Demens,
282 1928 308 1971 et
318 1928 391 1969 cantu
403 1927 473 1971 vocat
483 1919 509 1969 in
519 1919 653 1970 certamina
663 1919 742 1981 divos,

152 2012 267 2061 AEmulus
278 2020 406 2075 exceptum
418 2012 506 2061 Triton
523 2012 555 2076 (si
565 2011 670 2061 credere
676 2011 776 2073 dignum
788 2009 836 2073 est)

154 2104 222 2153 luter
234 2116 294 2152 saxa
303 2104 383 2153 virum
396 2116 513 2167 spumosa
524 2103 670 2152 inmerserat
679 2102 755 2151 unda.

151 2194 218 2256 Ergo
231 2208 316 2243 omnus
327 2208 416 2256 magno
427 2192 520 2243 circum
528 2194 636 2242 clamore
648 2193 799 2253 fremebant3

153 2282 343 2346 rmrpueprus
354 2285 454 2333 aneas.
487 2269 750 2345 nunijussasrnynae,

152 2372 225 2422 Haud
236 2386 315 2434 mora,
327 2373 445 2423 festinant
455 2372 551 2432 flentes,
562 2386 677 2435 aramque
687 2370 793 2435 sepulcri

153 2462 291 2523 Congerere
302 2462 441 2522 arboribus,
452 2462 564 2524 coeloque
575 2460 677 2510 eduoere
690 2466 792 2509 certant.

153 2552 207 2600 itur
218 2550 243 2600 in
256 2551 381 2614 antiquam
394 2552 492 2612 silvam,
502 2552 599 2601 stabula
609 2551 660 2599 alta
673 2550 793 2599 ferarumz

153 2641 321 2691 Procumbunt
331 2641 422 2705 piceae,
440 2649 512 2691 sonat
522 2642 571 2691 icta
582 2640 707 2691 securibus
717 2640 787 2702 ilex,

150 2730 328 2794 Fraxineaeque
338 2734 419 2782 nabes
431 2731 515 2782 cuneis
527 2739 553 2781 et
563 2731 639 2781 fissile
651 2732 727 2781 robur
812 2766 815 2771 -

150 2818 294 2884 Scinditur,
310 2820 443 2872 advolvunt
454 2821 558 2884 ingentis
570 2821 695 2871 montibus
709 2810 792 2870 ornos.

149 2910 255 2959 Necnon
266 2910 357 2960 AEneas
369 2924 443 2974 opera
453 2910 518 2960 inter
530 2910 590 2961 talia
599 2908 693 2973 primos

140 2998 271 3079 'Hortatur
282 2998 373 3060 socios,
384 2998 530 3063 paribusque
541 2997 678 3059 adcingitnr
688 2995 780 3059 annis3

147 3088 289 3151 Atquehaeo
300 3088 353 3152 ipse
364 3102 409 3138 suo
419 3087 484 3137 tristi
495 3102 551 3138 cum
563 3086 639 3137 corde
648 3087 751 3145 volutat,

147 3176 298 3243 adspectans
309 3177 395 3229 silvam
408 3176 556 3239 inmensam,
568 3175 639 3227 etsie
649 3189 708 3225 vooe
718 3181 845 3239 probatu:
