2334 3734
207 524 253 576 loo
434 530 462 578 P.
473 526 612 578 vruulun
628 527 783 580 MARONIS

204 657 324 721 Spumeus
335 662 407 720 atque
417 657 468 707 lmo
480 619 575 707 ¹Nemus
587 657 636 708 ciet
645 670 745 722 aeqnora
754 658 840 709 mado.

204 745 244 794 llli
257 745 341 807 etiam,
352 745 373 795 si
385 757 446 808 quos
458 747 562 795 obseura
572 755 645 796 noete
654 760 698 810 per
709 749 822 798 umbram

204 835 322 885 Fudimus
333 835 439 896 insidiis,
450 843 550 898 totaque
560 837 704 898 agitavimus
713 838 785 899 urbe,

203 925 344 989 Adparent3
361 911 434 989 primi
443 927 534 990 clipeos
546 927 696 991 mentitaque
707 927 758 976 tela

203 1012 372 1075 Adgnoscunq
384 1016 456 1078 atque
467 1029 511 1064 ora
521 1030 583 1065 sono
595 1015 717 1065 disoordia
727 1015 832 1078 signant.

201 1102 271 1152 Ilicet
282 1104 411 1152 obruimur
418 1119 530 1154 numero.
564 1106 712 1168 Primusque
723 1106 842 1155 cormbm

203 1193 301 1242 Penelei
312 1192 409 1254 dextra,
420 1194 481 1242 divae
490 1194 659 1258 armipotentis
670 1194 701 1244 ad
710 1207 790 1256 aram,

201 1282 360 1344 Procumbit3
377 1283 442 1334 eadit
452 1292 477 1333 et
488 1283 606 1348 lihipeus,
614 1284 766 1344 iustissimus
773 1297 837 1333 unus

202 1370 252 1426 Qui
263 1371 310 1422 fuit
320 1372 346 1422 in
357 1373 459 1422 Teucris
469 1382 494 1424 et
505 1374 702 1424 servantissimus
712 1373 793 1436 requi:
870 1372 875 1379 ⁴

200 1459 245 1510 Dis
257 1461 328 1511 aliter
340 1461 431 1511 visum:
449 1471 552 1526 pereunt
564 1463 720 1527 Hypanisque
731 1464 869 1526 Dymasque

202 1551 300 1600 Confixi
312 1565 326 1600 a
336 1551 425 1614 sociis3
443 1565 488 1601 nee
500 1560 525 1601 te
535 1561 578 1602 tua
589 1553 706 1617 plurima,
717 1553 825 1613 Panthu,

199 1641 331 1690 Labentem
342 1641 418 1705 pietas
430 1655 475 1691 nee
486 1642 610 1706 Apollinis
623 1643 703 1692 infula
715 1642 786 1693 terit.
802 1677 805 1682 -

199 1730 267 1780 Iliaci
277 1731 382 1792 cineres,
393 1738 418 1782 et
429 1731 528 1780 flamma
539 1739 651 1782 extrema
660 1746 784 1792 meorum,

199 1823 298 1882 Testor,
310 1821 335 1870 in
347 1835 433 1871 occasu
445 1830 524 1872 vestro
536 1821 581 1871 neo
592 1823 642 1871 tela
652 1836 697 1871 nec
707 1822 772 1871 ullas

198 1908 317 1959 Vitavlsse
325 1909 388 1958 vices
399 1909 527 1971 Danaum3
545 1917 579 1970 et,
591 1910 613 1958 si
624 1910 675 1963 fata
685 1900 799 1970 lidssent,

199 1999 235 2048 Ut
244 1998 365 2059 caderem,
377 1997 495 2048 memisse
507 2012 589 2048 manu.
622 1999 769 2049 Divellimur
780 2000 852 2050 index

199 2087 292 2152 iphitus
303 2096 328 2138 et
339 2087 418 2138 Pelias
430 2102 540 2137 meeum:
558 2103 663 2152 quorum
676 2089 770 2154 Iphitus
780 2103 834 2139 aevo

196 2179 253 2226 lam
264 2177 371 2239 gravior,
382 2179 461 2228 Pelias
474 2179 605 2228 etrolnere
614 2179 698 2228 tardus
711 2178 794 2231 Ulixi:

198 2267 313 2317 Protinus
325 2267 355 2316 ad
366 2268 435 2318 sedes
447 2269 539 2318 Priami
550 2271 659 2320 clamore
668 2270 755 2320 rotati.

229 2357 276 2406 llic
288 2371 345 2406 vero
357 2357 480 2420 ingentem
492 2373 609 2422 pugnam,
619 2374 664 2408 eeu
676 2367 758 2409 cetera
768 2373 888 2422 nusquam

194 2447 265 2496 Bella
273 2447 364 2508 forent,
375 2448 438 2496 nulli
448 2456 501 2498 tota
511 2457 667 2498 morerentur
678 2449 704 2498 in
714 2451 785 2510 urbe,

194 2534 234 2585 Sic
245 2538 352 2586 Martem
364 2536 522 2597 indomitum,
534 2539 681 2600 Danaosque
691 2537 722 2586 ad
732 2546 796 2588 tecta
806 2539 899 2589 ruentis

193 2625 336 2687 Cernimus,
344 2627 519 2688 obsessumque
529 2635 583 2675 arta
593 2627 714 2677 testudine
725 2628 810 2684 limen.

193 2715 296 2764 Haerent
306 2714 437 2778 parietibus
448 2715 528 2774 scala,
542 2723 670 2778 postesque
678 2716 724 2764 sub
735 2715 800 2779 ipsos

192 2803 311 2857 Nituntur
322 2803 446 2865 gradibus,
457 2803 597 2866 clipeosque
607 2803 638 2852 ad
648 2805 698 2853 tela
707 2793 813 2855 mauis

192 2892 298 2942 Proteoti
309 2893 445 2956 objiciunt3
462 2901 578 2956 prensant
588 2893 683 2955 fastigia
692 2893 794 2944 dextris.

191 2980 335 3030 Dardanide
346 2989 431 3031 eontra
442 2981 631 3030 turrisuo'teeta
641 2981 772 3032 domorum

191 3070 306 3120 eulmina
316 3071 473 3121 convellunt:
490 3070 529 3120 his
541 3083 579 3132 se,
587 3071 685 3133 quando
694 3071 783 3122 ultima
792 3079 907 3134 eeruuut,

189 3159 307 3208 Extrema
314 3161 366 3220 jam
377 3159 404 3209 ln
415 3167 495 3210 morte
505 3168 594 3225 parant
602 3161 733 3212 defendere
742 3161 817 3225 telis,
