2334 3734
419 523 575 574 AENEIDOS
593 524 655 573 LlB.
672 524 703 573 X.
913 525 962 572 393

164 651 265 700 Talibus
276 658 301 699 et
312 649 382 700 dictis
394 649 413 700 it
423 659 509 701 contra
519 652 584 701 dicta
594 653 704 715 tyranni:
751 667 756 672 ·

164 742 215 788 Aut
226 739 310 803 spoliis
320 753 364 800 ego
373 741 424 800 jam
435 740 510 802 raptis
520 741 638 790 laudabor
645 739 744 803 opimis,

88 823 94 831 ”
164 829 215 876 Ant
224 831 274 878 leto
287 827 384 890 insigni.
417 829 483 878 Sorti
495 837 563 892 pater
574 843 656 892 aequus
666 829 763 890 utrique
774 835 818 877 cst.

163 905 236 965 Tolle
246 917 333 966 minas.
367 918 440 985 Fatus
452 917 559 966 medium
571 917 680 980 procedit
690 917 716 965 in
728 932 818 978 aequor.

164 1004 274 1084 Frigidus
285 1004 418 1054 Arcadibus
429 1005 478 1054 coit
490 1006 515 1053 in
528 1006 661 1068 praecordia
671 1006 776 1067 sanguis.

165 1092 269 1142 Desiluit
279 1096 377 1142 Turnus
388 1093 475 1155 bijugis
485 1115 493 1156 ;
510 1094 581 1157 pedes
594 1095 693 1156 adparat
703 1093 740 1142 ire

165 1182 328 1245 Comminus„
349 1185 430 1244 thue
442 1184 491 1243 leo,
504 1183 602 1245 specula
609 1196 666 1230 cum
673 1180 733 1229 vidit
744 1182 774 1229 ab
785 1181 835 1230 alta

164 1271 234 1319 Stare
245 1272 330 1334 procul
341 1271 432 1333 campis
444 1271 602 1319 meditantem
613 1271 637 1318 iu
650 1270 737 1332 proelia
747 1278 855 1328 taurum,

163 1359 279 1409 Advolat:
297 1359 362 1408 haud
374 1359 422 1408 alia
432 1367 469 1408 est
479 1359 558 1407 'lirrni
569 1358 685 1407 venientis
697 1357 785 1418 imago.

165 1451 235 1499 Hunc
247 1449 288 1498 ubi
299 1449 440 1510 contiguum
451 1444 531 1498 missa
539 1450 593 1497 fore
603 1447 706 1497 credidit
715 1449 801 1506 bastae,

165 1540 203 1586 lre
214 1539 280 1602 prIor
292 1539 383 1598 Pallas,
396 1539 416 1587 si
428 1553 475 1600 qua
485 1539 536 1586 fors
547 1537 644 1598 adjuvet
654 1551 740 1586 ausum

163 1627 261 1676 Viribus
272 1627 414 1690 inparibus,
433 1641 595 1688 magnumque
606 1626 641 1675 ita
652 1625 683 1674 ad
694 1625 785 1674 aethera
794 1625 873 1686 fatur:

165 1718 211 1764 Per
222 1717 297 1779 patris
308 1716 452 1778 hospitium,
464 1725 489 1765 et
500 1730 606 1776 mensas,
619 1729 679 1778 quas
690 1715 781 1763 advena
791 1714 873 1774 adisti,

163 1807 199 1854 Te
211 1819 306 1867 precor,
318 1805 414 1864 Alcide,
426 1805 510 1867 coeptis
521 1805 659 1865 ingentibus
671 1803 735 1853 adsis
746 1824 755 1865 3

165 1896 255 1944 Cernat
266 1892 380 1942 semineci
392 1893 438 1942 sibi
451 1908 490 1941 me
498 1907 583 1956 rapere
594 1907 662 1941 arma
674 1900 783 1951 cruenta,

161 1982 332 2044 victoremque
343 1983 422 2032 ferant
432 1984 562 2032 morientia
571 1984 665 2031 lumina
674 1983 761 2045 lurni.

163 2070 247 2118 Audiit
259 2070 357 2127 Alcides
365 2072 491 2131 juvenem,
503 2071 666 2133 magnumque
678 2072 724 2119 sub
735 2071 786 2119 imo

165 2157 244 2207 Corde
255 2157 344 2219 premit
353 2156 481 2218 gemitum,
492 2156 653 2216 lacrimasque
663 2156 747 2204 effirdit
758 2156 849 2203 inanes.

164 2248 229 2294 Tum
238 2246 340 2295 Genitor
351 2252 434 2292 natum
446 2243 515 2292 dictis
527 2242 623 2291 adfatur
634 2241 732 2290 amicis:

164 2336 217 2383 Stat
228 2349 271 2383 sua
282 2335 369 2396 cuique
379 2333 447 2394 dies;
465 2332 537 2380 breve
547 2339 573 2378 et
583 2330 744 2393 inreparabile
754 2338 849 2392 tempus

165 2423 286 2472 Omnibus
298 2431 335 2472 est
346 2421 416 2470 vitae:
435 2420 477 2468 sed
486 2421 576 2468 famam
587 2417 718 2467 extendere
726 2418 807 2478 factis,

164 2513 218 2560 Hoc
228 2512 322 2560 uirtutis
334 2525 402 2574 opus.
434 2511 515 2569 'l'rojae
527 2509 571 2557 sub
582 2507 705 2556 moenibus
714 2507 772 2555 altis

165 2602 215 2650 Tot
225 2601 291 2662 gnati
302 2600 410 2648 cecidere
420 2599 508 2660 denm3
527 2597 586 2659 quin
598 2596 686 2645 occidit
695 2611 745 2645 una

165 2689 301 2750 Sarpedon,
314 2703 368 2737 mea
378 2687 513 2751 progenies.
546 2685 628 2736 Etiam
638 2700 682 2734 sua
693 2687 806 2735 Turnum

166 2778 225 2826 Fata
235 2785 333 2837 vocant,
345 2787 467 2839 metasque
479 2775 528 2824 dati
540 2773 691 2838 pervenitad
701 2775 762 2846 serii

69 2924 84 2936 l
165 2866 205 2916 Sic
217 2867 261 2927 ait,
273 2853 344 2928 atrine
356 2868 440 2914 oculos
452 2866 599 2914 Rutulorum
611 2862 689 2924 rejicit
698 2861 770 2910 arvis.

164 2956 198 3004 At
207 2955 288 3002 Pallas
299 2955 392 3014 magnis
403 2954 492 3002 emittit
502 2953 593 3002 viribus
604 2953 710 3009 hastam,

165 3044 181 3075 ⁴
189 3043 328 3116 vaginaque
338 3057 397 3092 cava
407 3044 537 3104 fulgentem
550 3043 638 3105 deripit
644 3041 754 3090 ensem*

165 3133 212 3183 llla
223 3134 319 3194 volans,
330 3132 438 3182 humeris
449 3141 552 3194 surgunt
562 3147 611 3195 qua
619 3131 726 3193 tegmina
735 3144 841 3189 summa,
