2334 3734
205 547 250 596 1⁰4
426 546 452 594 P.
472 542 607 593 vlaolml
625 543 780 593 Mauortis

205 676 256 724 Aut
265 673 357 734 dirum,
369 673 451 733 tineus,
462 686 555 735 genus3
572 679 616 720 aut
625 670 703 721 inrisu
715 671 833 720 Minerva

206 765 287 814 Laxos
298 763 322 812 in
335 763 429 813 foribus
440 761 567 826 suspendit
578 775 667 811 aranea
676 775 764 812 moses.

206 855 262 908 Quo
274 853 350 914 magis
360 853 484 902 exhauste
496 851 603 900 fuerint:
619 852 668 900 boc
678 852 758 901 acrius
770 863 856 901 omnes

208 943 352 992 Incumbent
362 941 457 1004 generis
469 941 531 1004 lapsi
541 927 633 989 sarcire
642 938 738 998 ruinas,

207 1033 410 1095 Conplebuntque
420 1033 497 1090 iores,
509 1038 535 1079 et
546 1029 648 1078 floribus
658 1030 749 1079 horrea
757 1036 850 1078 texent.

241 1118 267 1168 Si
279 1133 347 1180 vero,
359 1096 474 1181 quoniam
484 1131 554 1167 nasus
566 1118 653 1181 apibus
663 1132 760 1179 qnoque
770 1125 868 1167 neruos

206 1209 264 1258 Vita
274 1210 341 1270 tulit,
354 1183 582 1270 tristi'ianguebunt
591 1221 695 1271 corpora
705 1208 811 1270 morbo;

209 1297 282 1353 Quod
289 1300 343 1360 jam
354 1311 404 1347 non
414 1297 495 1347 dubiis
505 1297 597 1360 poteris
606 1311 753 1358 cognoscere
763 1296 854 1358 signis:

208 1387 332 1437 Continuo
345 1394 383 1437 est
392 1387 463 1448 agris
474 1387 537 1436 alins
548 1388 634 1448 eolor;
651 1386 752 1435 horrida
762 1387 857 1435 voltum

209 1478 336 1527 Deformat
345 1477 434 1526 macies
443 1496 452 1539 3
468 1484 523 1525 tum
533 1491 638 1539 corpora
647 1478 702 1525 luce
712 1485 839 1526 arentum

208 1555 438 1638 exposuissemus,
450 1574 475 1615 et
484 1565 564 1615 ensa
574 1567 662 1616 funera
671 1567 781 1628 oneum

207 1657 259 1705 Aut
270 1655 319 1704 illoe
331 1654 432 1718 pedibus
446 1668 564 1704 connexa
576 1655 607 1704 ad
618 1655 705 1706 limina
714 1654 831 1719 pendent,

207 1746 258 1794 Aut
269 1745 335 1794 intus
346 1743 435 1794 clausis
446 1754 592 1818 mactantur
603 1743 629 1792 in
640 1745 744 1804 adibus,
754 1753 841 1793 omnes

209 1836 350 1896 ignemque
361 1833 425 1882 fame
436 1839 461 1882 et
467 1840 593 1883 eontraoto
604 1834 695 1896 frigore
705 1833 788 1898 pigre.
807 1851 811 1856 ·

207 1923 272 1970 Uim
284 1934 358 1970 sonus
370 1920 467 1970 auditur
477 1921 584 1982 gravior,
595 1922 741 1985 tractimque
751 1930 894 1972 susurrant:

209 2009 320 2071 Frigidus
331 2017 360 2058 ut
370 2009 493 2072 quondam
504 2010 571 2059 silvis
582 2011 750 2061 inmurmurat
759 2013 849 2061 Auster
858 2030 866 2073 3

210 2101 246 2149 Ut
257 2112 324 2147 mare
335 2097 469 2148 sollicitum
480 2098 562 2148 stridit
572 2100 732 2150 refluentibus
742 2100 816 2149 undis
825 2119 833 2162 3

210 2188 308 2236 AEstuat
317 2195 346 2236 ut
356 2187 444 2237 clausis
455 2187 554 2251 rapidus
567 2188 707 2237 fornacibus
718 2187 789 2250 ignis.

211 2276 257 2326 Hic
265 2279 318 2338 jam
329 2277 459 2338 galbaneos
470 2277 576 2326 suadebo
588 2277 719 2326 incendere
728 2277 827 2338 odores,

211 2365 334 2428 Mellaque
345 2363 485 2414 arundineis
496 2365 588 2414 inferre
597 2365 735 2425 annuus,
746 2367 814 2415 ultro

211 2455 356 2503 Hortantem
367 2461 393 2504 et
402 2454 477 2503 sesses
488 2453 519 2503 ad
529 2455 620 2517 pabula
629 2462 689 2504 nota
698 2463 833 2505 vocantem.

211 2540 323 2592 Proderit
333 2550 358 2591 et
370 2548 470 2592 tunsum
481 2543 551 2604 galla
561 2543 696 2592 admisoere
705 2557 829 2607 saporem,

209 2630 356 2694 mendaque
367 2645 446 2692 rosas,
456 2639 500 2681 aut
509 2631 559 2693 igni
569 2631 669 2694 pinguia
680 2635 759 2683 multo

210 2720 323 2781 Deiruta,
337 2721 375 2770 vel
385 2720 477 2783 psidda
486 2735 570 2785 passos
581 2722 612 2772 de
623 2723 670 2772 vite
681 2737 801 2783 racemos,

211 2809 404 2874 Cecropiumque
414 2810 537 2875 thymum,
549 2819 574 2861 et
583 2826 655 2874 grave
665 2812 758 2862 olentia
768 2819 907 2862 oentaurea.

210 2899 256 2948 sss
264 2897 338 2947 edam
351 2898 396 2947 dos
407 2898 433 2947 in
444 2899 530 2963 pratis,
541 2900 581 2948 eui
593 2915 682 2950 nomen
694 2902 786 2950 amello

210 2987 298 3036 Feoere
309 2985 430 3050 agricole,
442 2987 521 3037 facilis
532 2990 696 3051 querentibus
707 2990 800 3052 berba3

214 3077 327 3137 Namque
337 3090 388 3124 uno
400 3075 522 3138 ingentem
533 3079 602 3128 tollit
610 3079 641 3127 de
652 3077 742 3142 cespite
752 3081 850 3140 olivam,

212 3165 308 3213 Aurem
320 3164 389 3226 ἥρως
406 3165 449 3214 sed
460 3165 486 3213 in
498 3165 575 3225 soliis,
587 3179 641 3228 ques
651 3167 862 3229 plnrims'eireum
