2334 3734
222 524 269 573 470
443 523 471 568 Ρ.
487 519 625 569 leGlull
641 519 795 569 mallonus

223 650 270 699 Hic
282 655 391 709 steterat,
404 647 484 697 nautis
496 647 556 695 olim
567 645 704 695 venerabile
715 646 825 707 liguum:

221 738 316 789 Servati
324 753 355 787 ex
364 738 438 787 undis
450 737 493 786 ubi
507 737 579 797 figere
590 736 655 783 dona
666 736 778 783 solebant

219 828 335 877 Laurenti
346 828 411 886 divo,
423 834 449 874 et
459 833 526 874 votas
533 823 685 886 ‘suspendere
695 823 777 873 vestis.

121 972 124 979 Ι
220 916 268 965 Sed
280 914 378 977 stirpem
389 914 478 963 Teucri
489 915 558 961 nullo
570 912 710 961 discrimine
721 927 818 961 sacrum

222 1006 386 1064 Sustulerant‚
398 1019 460 1066 puro
471 1010 499 1052 ut
509 1011 609 1065 possent
618 1016 764 1051 concurrere
774 1016 868 1063 campo.

221 1092 268 1141 llic
275 1094 347 1141 hasta
357 1095 441 1142 AEneae
453 1094 546 1143 stabat„¹
565 1092 721 1163 hucinpetus
732 1090 801 1139 illam

221 1186 357 1244 Detulerat,
369 1185 443 1232 fixam
452 1192 477 1232 et
484 1185 552 1232 lenta
563 1183 588 1231 in
601 1184 682 1231 radice
690 1184 796 1231 terrebat.

219 1272 340 1332 Incubuit,
352 1271 478 1333 voluitque
489 1286 562 1320 manu
573 1273 712 1337 conuellere
720 1273 814 1320 ferrum

148 1386 152 1391 -
218 1361 378 1423 Dardanides,
389 1364 486 1421 teloque
498 1360 579 1422 sequi,
590 1374 662 1421 quem
674 1361 793 1422 prendere
803 1374 876 1409 cursu

219 1451 276 1497 Non
286 1457 388 1513 poterat.
420 1452 484 1497 Tum
497 1464 553 1497 vero
565 1464 649 1497 amens
661 1448 793 1497 formidine
803 1451 913 1507 Turnus,

218 1540 311 1599 Fauue,
322 1552 417 1603 precor,
429 1539 554 1597 miserere,
566 1538 662 1599 inquit3
680 1545 754 1599 tuque
761 1538 853 1600 optima
862 1540 956 1585 ferrum

216 1628 295 1675 Terra
303 1634 360 1675 tene
371 1648 378 1689 3
396 1627 461 1675 colui
472 1634 565 1675 vestros
578 1626 599 1674 si
610 1640 707 1687 semper
717 1626 835 1684 honores,

219 1717 286 1769 Quos
297 1723 384 1765 contra
392 1716 507 1764 AEnesdae
519 1715 584 1763 bello
598 1715 677 1762 fecere
686 1712 812 1776 profanos.

216 1802 295 1862 Dixit,
307 1818 424 1866 opemque
435 1803 474 1852 dei
485 1818 535 1851 nou
548 1817 617 1851 cassa
626 1803 651 1849 in
664 1811 721 1851 vota
731 1801 835 1850 vocavit.

217 1890 329 1949 Namque
340 1890 382 1937 diu
393 1891 498 1948 luctans,
510 1891 625 1951 lentoque
634 1890 660 1937 in
672 1890 747 1953 stirpe
758 1897 878 1948 moratus,

215 1974 314 2023 Viribus
323 1976 389 2025 haud
402 1975 458 2024 ullis
469 1978 546 2025 valuit
557 1978 695 2027 discludere
705 1993 802 2027 morsus

187 2104 190 2106 .
216 2062 320 2110 Roboris
331 2063 430 2112 AEncas.
462 2059 528 2113 Dum
540 2065 627 2115 nititur
638 2080 704 2126 acer,
715 2074 740 2115 et
749 2065 845 2121 instats

216 2150 310 2199 Rursus
321 2151 346 2200 in
359 2152 545 2213 aurigae-faciem
556 2160 650 2202 mutata
660 2146 768 2203 Metisci

216 2238 352 2299 procurrit,
365 2240 482 2302 fratrique
493 2256 575 2290 ensem
587 2242 635 2290 dea
643 2243 739 2292 Daunia
751 2242 837 2292 reddit.

215 2326 288 2379 Quod
297 2329 379 2376 Venus
391 2329 476 2377 audaci
488 2330 607 2392 Nymphae
618 2330 743 2391 indignata
752 2330 836 2390 licere,

213 2413 335 2474 Adcessit,
348 2417 471 2478 telumque
482 2418 532 2465 alta
543 2418 574 2465 ab
585 2416 665 2465 radice
676 2419 778 2468 revellit.

215 2497 267 2546 Olli
279 2498 406 2555 sublimes,
415 2496 489 2547 armis
500 2497 636 2559 animisque
646 2501 740 2559 refecti,

215 2584 260 2632 Hic
270 2583 350 2644 gladio
357 2584 446 2641 tideus,
458 2584 499 2632 hic
510 2600 564 2633 acer
576 2593 602 2633 et
611 2587 701 2635 arduus
712 2587 792 2647 hasta,

213 2669 341 2718 Adsistunt
351 2678 436 2718 contra
447 2672 579 2721 certamine
591 2674 679 2722 Martis
690 2675 782 2723 anheli.

245 2758 371 2806 lunonem
382 2758 475 2807 interea
486 2762 537 2809 Rex
549 2762 724 2825 omnipotentis
737 2764 835 2827 Olympi

213 2842 371 2905 Adloquitur,
385 2846 451 2895 fulva
461 2862 553 2909 pugnas
562 2848 593 2897 de
604 2852 669 2899 nube
679 2858 802 2900 mentem:

213 2931 273 2983 Quae
281 2933 332 2990 jam
344 2932 400 2989 linis
413 2934 471 2993 erit,
485 2938 594 2995 conjunx
604 2940 614 2984 ?
633 2938 691 2999 quid
703 2938 806 3000 denique
816 2940 913 2987 restat?

212 3012 346 3072 Indigetem
357 3016 452 3065 AEnean
463 3018 510 3067 scis
521 3019 584 3081 ipsa,
592 3028 618 3068 et
628 3020 691 3069 scire
702 3022 797 3082 fateris,

211 3097 300 3146 Deberi
311 3101 384 3161 cneio,
396 3102 500 3165 satisque
511 3106 541 3153 ad
550 3106 630 3155 sidera
640 3107 703 3156 tolli.
