2334 3734
228 505 257 553 16
456 505 483 552 Ρ.
499 501 637 551 VIRGlLll
654 501 807 551 MARONIS

225 633 339 683 Dicemus
349 651 357 694 ;
374 630 535 696 Daphnlnque
546 637 617 680 tuum
629 631 745 679 tollemus
756 630 787 679 ad
797 636 877 695 astra;

225 722 339 787 Daphnin
350 722 381 770 ad
390 730 456 771 astra
466 713 587 770 feremus}
604 720 695 769 amavit
703 735 750 770 nos
760 734 856 783 quoque
866 719 984 792 Daphnis.

258 815 311 862 Mo.
327 814 367 860 An
380 811 510 875 quidquam
521 811 592 860 nobis
602 811 645 859 tali
658 810 690 858 sit
700 824 802 859 munere
813 812 910 871 malus?

225 903 258 949 Et
265 914 325 964 puer
336 901 387 964 ipse
398 901 445 950 fuit
455 899 547 950 cantari
557 899 662 961 diguus3
680 906 705 946 et
716 899 776 952 ista.

223 992 281 1040 lam
292 989 386 1052 pridem
397 990 515 1039 Stimicon
526 987 633 1036 laudavit
641 986 751 1035 earmina
762 985 840 1034 nobis.
930 1049 934 1053 ‚
991 971 996 978 ’

256 1079 310 1126 Mn.
327 1077 451 1127 Candidus
461 1078 583 1126 insuetum
595 1075 699 1123 miratur
708 1075 785 1123 limen
797 1073 910 1137 Olympi,

225 1169 276 1217 Sub
286 1166 433 1231 pedibusque
443 1166 508 1215 videt
519 1168 597 1215 nubes
608 1172 633 1213 et
643 1165 723 1214 sidera
733 1164 852 1226 Daphnis.

222 1257 288 1316 Ergo
298 1255 384 1305 alacris
396 1255 468 1304 silvas
479 1262 503 1303 et
514 1263 595 1303 cetera
604 1266 663 1301 rura
672 1253 784 1315 voluptas

225 1346 338 1406 Panaque
348 1351 504 1407 pastoresque
514 1351 581 1392 tenet
595 1341 749 1405 Dryadasque
761 1341 862 1404 puellas.

134 1429 138 1440 '
226 1436 276 1482 Nec
287 1434 359 1497 lupus
370 1433 468 1482 insidias
479 1431 571 1494 pecori,
582 1446 628 1480 nec
639 1430 700 1479 retia
709 1429 785 1478 eervls

225 1525 285 1573 Ulla
294 1523 378 1573 dolum
389 1525 550 1574 meditantur:
568 1531 634 1573 amat
640 1525 720 1572 bonus
730 1521 781 1570 otia
791 1519 910 1586 Daphnis

225 1611 274 1675 Ipsi
285 1613 369 1661 laetitia
380 1627 450 1662 voces
462 1613 492 1661 ad
506 1595 586 1661 sidera
594 1614 687 1672 Jaetant

223 1701 319 1750 Intonsi
330 1709 441 1750 montes:
458 1701 516 1764 ipsae
525 1703 577 1762 jam
587 1700 697 1749 earmina
707 1713 790 1761 rupes,

224 1791 279 1853 lpsa
290 1798 378 1839 sonant
388 1791 498 1839 arbusta:
517 1789 587 1848 deus,
598 1789 657 1837 deus
667 1787 721 1847 ille,
734 1787 861 1836 Menalca!

225 1878 263 1927 Sis
274 1879 353 1926 bonus
365 1892 380 1926 ο
392 1877 499 1938 felixque
510 1875 558 1925 tuis
570 1880 576 1924 !
595 1891 626 1924 en
636 1883 741 1937 quatuor
753 1889 807 1924 aras
817 1895 823 1923 ι
842 1915 848 1924 .

223 1969 285 2016 Eece
295 1967 354 2016 duas
365 1966 420 2027 tibi,
431 1965 538 2028 Daphni,
550 1965 610 2014 duas
621 1964 708 2013 altaria
718 1965 829 2026 Phoebo;

223 2056 313 2104 Pocula
323 2055 382 2104 bina
393 2069 456 2103 novo
467 2053 605 2115 spumantia
614 2053 676 2100 laete
687 2051 827 2113 quotannis

222 2145 381 2204 craterasque
392 2143 440 2190 duo
452 2149 556 2189 statuam
566 2140 611 2188 tihi
622 2140 718 2202 pinguis
728 2139 795 2188 olivi.

220 2235 252 2282 Et
263 2234 341 2282 multo
352 2232 378 2280 in
389 2231 474 2294 primis
484 2231 592 2278 hilarans
603 2229 713 2278 eonmvia
723 2228 830 2287 Baecho,

220 2323 285 2368 Ante
296 2320 388 2380 iocum,
400 2319 421 2368 si
432 2320 508 2380 frigus
519 2319 575 2377 erit,
588 2318 715 2377 muressis,
726 2317 752 2365 iu
762 2318 860 2377 umbra,

220 2407 285 2456 Vina
295 2423 386 2457 novum
397 2407 498 2457 fundam
509 2407 611 2456 calathis
622 2405 721 2455 Ariusia
731 2413 822 2455 uetur.

221 2498 361 2546 cantabunt
371 2497 432 2546 mihi
443 2499 566 2546 Damoetas
577 2506 602 2544 et
610 2496 707 2559 Lyctius
717 2496 814 2556 AEgon3

221 2586 337 2636 Saltantis
347 2588 446 2650 Satyros
456 2586 590 2635 imitabitur
600 2585 780 2646 Alphesiboeus.

221 2679 279 2725 liaec
290 2675 333 2724 tibi
345 2690 438 2738 semper
448 2683 530 2737 erunt,
541 2681 565 2723 et
576 2687 651 2735 quum
662 2670 793 2720 sollemnia
800 2679 857 2720 vota

220 2764 355 2814 Reddemus
367 2765 496 2828 Nymphis,
508 2771 532 2812 et
542 2777 616 2826 quum
625 2760 783 2810 lustrabimus
793 2773 874 2821 agros.

218 2855 283 2902 Dum
292 2855 350 2915 juga
364 2853 454 2904 montis
464 2867 531 2916 aper,
543 2851 630 2900 fluvios
641 2850 699 2898 dum
711 2848 782 2911 piscis
792 2847 894 2909 amabit,
954 2885 959 2896 ,

218 2943 331 3003 Dumque
341 2943 424 3005 thymo
435 2947 562 3004 pascentur
573 2953 640 3002 apes,
649 2938 708 2986 dum
719 2951 776 2986 rore
786 2936 887 2986 eleadae:

217 3031 318 3092 Semper
328 3013 407 3078 henos
418 3041 555 3089 nomenque
565 3033 637 3076 tuum
647 3025 780 3088 laudesque
789 3026 930 3076 manebunt.

219 3120 255 3168 Ut
265 3118 361 3168 Bweho
374 3115 514 3178 cererique,
524 3115 569 3164 tibi
581 3115 617 3164 sie
626 3122 683 3164 vota
692 3121 752 3177 quot
762 3114 834 3164 aunis
