2334 3734
410 516 567 568 AENEIDOS
591 519 654 567 ΗΒ.
671 518 702 567 X.
903 515 950 564 ³97

152 642 203 699 Qui
214 644 261 695 init
271 646 435 707 Ausonidum,
447 654 471 695 et
482 646 559 695 tacitis
570 646 680 707 regnarit
689 644 806 709 Amyclis.

152 736 253 797 AEgaeon
260 736 348 798 qualis,
360 744 459 785 centum
469 736 510 785 cui
521 736 621 784 brachia
630 735 725 795 dicunt,

154 824 321 886 Centenasque
331 838 427 885 manus,
439 824 613 886 quinquaginta
623 823 707 871 oribus
719 822 799 883 ignem

153 912 342 974 Pectoribusque
353 913 450 973 arsisse,
461 915 477 963 J
479 914 530 962 ovis
541 928 598 961 cum
609 912 713 961 fulmina
723 919 810 961 contra

151 1001 201 1047 Tot
211 1000 309 1062 paribus
320 1008 438 1063 streperet
446 1002 540 1064 clipeis,
552 1009 591 1049 tot
602 1002 732 1062 stringeret
742 1000 807 1050 ensis

153 1086 192 1136 Sic
203 1095 257 1136 toto
267 1090 358 1138 AEneas
370 1089 468 1138 desaevit
479 1089 503 1137 in
517 1104 614 1150 aequore
626 1089 714 1152 pictor,

153 1176 189 1224 Ut
200 1177 275 1224 semel
287 1176 395 1240 intepuit
401 1191 494 1225 mucro.
527 1176 594 1231 Quin
604 1190 660 1225 ecce
671 1177 768 1239 Niphaei

153 1263 313 1327 Quadrijuges
325 1264 350 1313 in
363 1280 438 1327 equos
450 1266 598 1327 adversaque
609 1273 706 1327 pectora
716 1266 810 1327 tendit,

152 1354 233 1415 Atque
243 1354 291 1415 illi,
303 1356 375 1416 longe
386 1355 535 1417 gredientem
544 1362 569 1403 et
581 1355 636 1403 dua
646 1355 791 1404 frementem

153 1443 190 1491 Ut
200 1443 370 1504 videremetu
379 1444 442 1493 versi
454 1452 568 1506 retroque
579 1452 677 1493 ruentes

152 1530 332 1593 Effundnutque
344 1532 440 1592 ducem,
452 1533 597 1596 rapiuntque
608 1534 638 1581 ad
649 1533 723 1582 litora
731 1548 827 1582 currus.

154 1620 250 1669 Interea
260 1620 347 1681 bijugis
359 1620 433 1669 infert
445 1635 471 1669 se
483 1623 592 1683 Lucagus
603 1621 663 1670 albis

154 1709 182 1756 ln
194 1709 297 1771 medios,
309 1711 430 1772 fraterque
442 1710 512 1771 Liger
522 1730 529 1771 3
548 1710 590 1758 se'd
602 1711 678 1758 frater
688 1699 791 1757 habenis

154 1797 240 1846 Flectit
250 1812 337 1859 equos:
352 1799 462 1847 strictum
475 1805 540 1846 rotat
551 1812 606 1847 acer
616 1799 724 1858 Lucagus
735 1810 827 1845 ensem.

154 1887 226 1936 Haud
237 1887 294 1937 tulit
305 1890 394 1938 AEneas
404 1897 473 1938 tanto
485 1889 579 1937 fervore
591 1889 713 1937 furenoes:

155 1975 243 2039 Inruit,
256 1976 401 2039 adversaque
412 1977 496 2039 iugens
507 1975 619 2040 adparuit
628 1976 707 2025 hasta.

156 2064 202 2112 Cui
213 2064 296 2127 Ligei:

155 2154 212 2202 Non
224 2152 349 2201 Diomedis
360 2166 445 2213 equos,
457 2165 500 2199 uec
512 2165 598 2199 currus
609 2149 688 2198 cernis
699 2149 802 2209 Achilli,

155 2242 206 2289 Aut
217 2238 325 2301 Phrygiae
335 2252 432 2301 campos
443 2258 448 2285 ι
466 2252 531 2285 nuuc
542 2236 601 2285 belli
612 2236 668 2285 finis
680 2243 705 2285 et
716 2236 761 2284 aevi

156 2327 201 2376 His
214 2326 309 2375 dabitur
318 2326 397 2375 terris.
430 2327 526 2374 Vesano
537 2324 596 2373 talia
607 2325 656 2371 late

156 2416 227 2465 Dicta
238 2416 321 2464 rolant
331 2414 411 2475 Ligeri
421 2435 428 2477 3
446 2413 488 2463 sed
500 2427 549 2461 nou
562 2419 588 2460 et
596 2410 687 2459 Troius
698 2411 771 2459 heros

156 2506 226 2554 Dicta
237 2517 306 2567 parat
315 2512 415 2566 contra3
430 2502 538 2564 jaculum
551 2514 609 2548 nam
618 2507 715 2561 torquet
725 2499 750 2546 in
761 2498 866 2546 hostem.

156 2598 264 2657 Lucagus
272 2603 300 2643 ut
310 2607 401 2658 pronus
411 2591 518 2655 pendeus
530 2589 554 2639 in
569 2589 668 2637 verbera
679 2589 728 2637 telo

156 2683 290 2732 Admonuit
300 2684 393 2745 bijugos
404 2702 409 2729 ε
426 2683 534 2745 projecto
545 2679 604 2728 dum
615 2679 676 2742 pede
689 2679 751 2726 laevo
772 2724 777 2733 ,

157 2777 232 2836 Aptat
242 2786 268 2821 se
278 2787 362 2835 pugna
373 2791 378 2819 :
396 2770 461 2819 subit
471 2783 526 2818 oras
537 2769 607 2817 hasta
618 2766 733 2830 perimas

157 2860 280 2923 Fulgentis
291 2860 371 2923 clipei,
384 2868 435 2908 tum
445 2861 533 2907 laevum
545 2858 652 2921 perforat
662 2855 750 2915 inguen
760 2873 768 2916 ς
780 2918 787 2931 ι

157 2952 281 3001 Excussus
293 2963 367 2996 curru
378 2947 536 2996 moribundus
547 2946 652 2994 volvitur
663 2943 734 2993 arvis.

159 3043 239 3095 Quem
249 3038 303 3103 pius
312 3038 401 3086 AEncas
413 3034 483 3083 dictis
494 3036 589 3083 adfatur
601 3031 704 3082 amaris:

159 3133 264 3191 Lucage,
276 3128 346 3178 nulla
356 3134 412 3176 tuos
423 3138 508 3174 currus
520 3124 576 3185 fuga
586 3121 666 3184 segnis
677 3133 794 3183 equorum
