2334 3734
217 503 266 555 422
441 508 467 556 P.
486 468 622 555 VlliGlLll
639 506 793 557 nasonis

215 632 354 694 Projiciw
363 633 433 683 Latio
444 641 516 697 ceput
524 634 614 681 horum
625 641 651 683 et
660 648 746 685 mussa
757 637 898 685 malorum?

150 704 159 733 '⁵
215 722 291 769 Nulla
302 722 367 770 salus
379 722 460 769 bello:
478 736 563 784 pacem
575 728 600 769 te
611 722 732 785 poscimus
743 738 841 785 omnes,

212 810 314 873 'Furne;
328 810 402 859 simul
414 810 479 871 pacis
490 811 570 858 solum
583 810 723 861 inviolabile
734 812 830 876 pignus.

214 898 310 947 Primus
321 913 377 959 ego,
388 898 491 947 invisum
503 912 576 960 quem
586 906 615 948 tu
625 900 669 949 tibi
680 902 763 963 fingis,
775 910 800 949 ct
809 916 863 951 esse

214 986 257 1037 Nil
269 1001 364 1046 moror,
375 1001 416 1048 en,
428 989 530 1050 supplex
541 987 621 1036 renio.
652 989 772 1038 Miserere
782 998 892 1050 tuorum,

214 1078 282 1125 Pone
292 1075 398 1135 animos,
407 1084 432 1123 et
442 1077 525 1138 pulsus
536 1076 584 1124 abi.
618 1078 662 1125 Sat
673 1077 761 1126 funera
771 1078 821 1127 fusi

213 1162 335 1225 Vidimus,
347 1144 450 1227 ingentis
461 1174 486 1215 et
497 1165 660 1215 desolavimus
671 1180 750 1228 agros.

212 1255 273 1315 Aut,
284 1254 305 1303 si
316 1256 381 1304 lama
392 1264 481 1317 movet,
493 1256 621 1305 sitantum
634 1265 732 1319 pectore
746 1258 822 1305 robur

216 1342 339 1405 concipis,
351 1344 406 1391 etsi
418 1344 478 1393 adeo
488 1345 575 1394 dotalis
587 1346 653 1407 regia
663 1346 731 1395 cordi
741 1355 793 1396 est:

215 1430 295 1491 Aude,
306 1438 378 1493 atque
389 1431 516 1483 adversum
529 1434 606 1483 fidens
617 1436 655 1483 ier
665 1442 749 1498 pecms
758 1435 786 1483 in
796 1436 900 1485 hostem.

215 1518 321 1580 Scilicet,
333 1527 361 1568 ut
370 1522 455 1571 Turno
467 1522 592 1584 contingas
602 1524 670 1584 regia
679 1526 799 1585 conjunx,

215 1608 278 1668 Nos,
286 1608 373 1659 animae
381 1609 452 1671 viles,
463 1612 592 1661 inhumata
601 1612 734 1675 infletaque
744 1614 826 1674 turba,

214 1696 358 1745 sternamur
368 1698 468 1761 campis.
501 1700 535 1748 Et
541 1702 593 1761 jam
605 1708 643 1761 tn,
655 1702 677 1749 si
688 1716 737 1763 qua
746 1702 792 1750 tibi
803 1703 850 1762 vis,

213 1782 240 1833 Si
251 1784 323 1846 patrii
334 1785 392 1847 quid
402 1788 492 1837 Martis
501 1789 588 1851 habes,
600 1791 672 1839 illum
684 1792 781 1855 adspice
788 1801 883 1854 contra,

214 1872 263 1926 Qui
274 1882 351 1923 vocat.
628 1928 633 1933 ,

245 1961 347 2009 Talibus
358 1962 450 2011 exarsit
460 1962 530 2012 dictis
540 1965 657 2015 violentia
667 1970 764 2031 Turni3

106 2114 110 2118 .
214 2048 262 2096 Dat
271 2047 398 2110 gemitum,
411 2051 549 2114 rumpitque
557 2054 602 2103 has
614 2054 664 2104 imo
675 2064 773 2118 pectore
785 2052 868 2107 voces:

213 2136 291 2197 Larga
301 2136 409 2199 quidem,
421 2140 527 2201 Drance,
536 2156 632 2206 semper
642 2144 688 2193 tibi
697 2145 769 2209 copia
779 2147 846 2197 fandi

211 2222 286 2284 Tum,
298 2238 354 2273 cum
366 2226 430 2275 bella
441 2241 527 2277 manus
539 2239 659 2293 poscunt,
677 2233 834 2297 patribusque
844 2235 934 2284 vocatis
1008 2300 1014 2307 ·

213 2310 310 2360 Primus
319 2313 384 2362 ades.
417 2316 466 2364 Sed
478 2332 528 2366 non
540 2319 656 2381 replenda
665 2330 704 2371 ees
712 2322 781 2371 curia
789 2324 879 2383 verbis,

212 2399 273 2452 Quae
285 2400 394 2450 suscribi
405 2416 493 2465 magna
503 2406 597 2467 volant,
608 2408 667 2457 dum
679 2409 779 2460 distirm
789 2412 884 2461 hostem

211 2488 293 2549 Agger
304 2503 449 2552 moerorum,
461 2507 505 2542 nec
513 2492 634 2545 inundant
643 2499 761 2559 sanguine
771 2500 852 2549 fossas.

211 2576 317 2626 Proinde
328 2584 387 2626 tona
397 2580 505 2642 eloquio,
517 2583 618 2639 solitum
628 2585 689 2649 tibi3
707 2603 794 2650 meque
803 2588 898 2639 timoris

211 2665 293 2725 Argue
305 2672 343 2726 tu,
355 2666 467 2730 Drance3
485 2670 582 2731 quando
594 2681 632 2722 tot
642 2675 729 2737 stragis
741 2690 840 2727 acervos

201 2752 360 2827 *Teucrorum
373 2761 415 2804 tua
426 2755 511 2806 dextra
521 2750 598 2822 dedic,
609 2764 748 2826 passimus
759 2766 857 2828 tropaeis

212 2840 316 2901 Insignis
328 2857 407 2905 agros.
441 2847 522 2896 Possit
532 2848 591 2910 quid
601 2850 681 2900 vivida
690 2852 780 2913 virtus,

209 2928 343 2993 Experiere
354 2932 427 2998 licet3
445 2952 490 2985 nec
501 2940 573 3000 longe
584 2940 677 2990 scilicet
687 2942 771 2991 hostes

211 3018 341 3071 Querendi
352 3022 437 3071 nobisr
455 3025 614 3077 circumstant
624 3028 732 3092 undiquc
742 3046 833 3081 muros.

211 3106 277 3154 lmus
289 3106 315 3155 lu
326 3108 459 3161 adversos?
479 3113 538 3175 quid
547 3130 627 3165 cessas
637 3110 649 3164 ἓ
667 3131 698 3165 an
710 3118 755 3167 tibi
767 3121 865 3168 Mavors
