2334 3734
395 518 551 570 AENEIDOS
568 520 631 570 hili.
649 522 693 569 XI.
895 525 943 572 415

147 645 210 694 Vota
220 658 348 707 precesque
359 616 418 694 mere
428 649 433 693 !
452 654 537 707 tuque,
547 660 563 694 o
574 647 725 696 sanctissima
735 650 853 709 conjunx,

147 733 215 780 Felix
227 741 305 782 morte
316 741 368 793 tua,
380 748 457 795 neque
469 734 494 781 in
506 733 570 781 huno
581 742 675 782 servata
687 734 812 785 dolorem!

149 821 241 868 Contra
251 833 296 881 ego
307 820 406 869 vivendo
416 821 462 871 vici
474 834 527 869 mea
538 822 596 881 iata,
609 830 730 884 superstes

146 908 270 957 Restarem
281 915 308 956 ut
318 908 419 969 genitor.
452 910 544 957 Troum
556 910 621 957 socia
631 924 700 959 arma
709 915 820 959 'soeumm

146 991 284 1040 Obruerent
294 992 376 1041 Rutuli
387 992 442 1039 telis
453 994 458 1039 l
477 992 582 1039 animam
595 992 646 1053 ipse
656 992 786 1055 dedissem,

144 1081 224 1141 Atque
235 1080 285 1128 haec
294 1092 383 1141 pompa
394 1078 493 1127 domum
505 1093 554 1137 me,
567 1093 617 1125 non
630 1080 749 1139 Pallanta,
761 1081 880 1130 referret!

148 1170 201 1215 Nec
215 1182 257 1215 vos
268 1166 399 1227 arguerim,
408 1167 506 1221 Teucri,
519 1180 563 1215 nee
573 1165 674 1225 foedera
688 1181 742 1227 neo,
754 1182 813 1229 ques

148 1248 280 1304 iunximus
292 1254 409 1317 hospitio,
420 1254 517 1302 dextras
528 1274 534 1302 ε
552 1268 606 1301 sors
617 1253 663 1301 ista
674 1263 777 1302 senectae

149 1342 236 1391 Debita
246 1350 298 1391 erat
308 1350 406 1390 nostrae.
440 1341 511 1396 Quod
523 1340 543 1389 si
556 1340 677 1389 inmatura
687 1343 799 1390 manebat

146 1432 216 1478 Mors
228 1437 310 1478 natum
322 1452 327 1479 ι
345 1429 413 1478 ooeais
423 1430 569 1477 Volscorum
581 1428 691 1477 millibus
703 1436 769 1489 aute,

146 1519 278 1566 Ducentem
291 1518 316 1565 in
328 1518 423 1565 Latium
435 1519 542 1566 Teucros
556 1515 780 1576 oecidisaejuvabit.

94 1604 101 1619 ⁶
148 1605 213 1660 Quin
221 1619 264 1666 ego
273 1618 321 1653 non
333 1604 381 1653 alio
394 1604 477 1665 digner
488 1612 512 1651 te
523 1604 619 1664 funere,
633 1605 711 1664 Palla,

147 1695 227 1748 Quam
236 1694 291 1756 pius
301 1695 401 1753 AEueas,
412 1700 437 1741 et
447 1708 518 1754 quam
530 1693 609 1753 magni
622 1692 738 1755 Phryges,
749 1700 774 1741 et
783 1707 856 1754 quam

145 1781 312 1844 Tyrrhenique
322 1781 405 1840 duces,
414 1781 567 1843 'liJrrlrenum
579 1781 700 1829 exereitus
711 1782 800 1830 omnis.

115 1869 119 1882 “
147 1871 238 1929 Magna
247 1876 339 1932 tropaea
348 1870 441 1929 ferunt,
453 1882 513 1930 quoa
524 1868 566 1917 dat
575 1876 618 1917 tua
629 1869 728 1917 dextera
738 1870 796 1918 leto.

146 1960 184 2007 Tu
196 1972 292 2021 quoque
303 1974 368 2007 nunc
378 1966 454 2008 stares
465 1958 570 2007 inmanis
580 1967 681 2006 mous
692 1958 718 2005 in
729 1957 818 2008 mmis:

147 2044 218 2093 Esset
228 2059 270 2107 par
282 2052 349 2104 atas,
361 2054 385 2093 et
397 2046 459 2093 idem
472 2046 492 2093 si
504 2047 578 2094 robur
590 2047 620 2093 ab
628 2046 709 2105 annia

145 2136 237 2182 'lione
271 2133 318 2182 sed
329 2133 414 2180 infelix
423 2135 531 2181 Teucros
543 2132 600 2194 quid
611 2131 725 2180 demoror
736 2132 830 2181 armis?

144 2220 239 2280 Vadite,
251 2228 276 2269 et
286 2220 338 2268 hac
349 2233 468 2268 memores
479 2220 529 2280 regi
539 2219 652 2267 mandata
661 2220 765 2268 referte.

146 2309 218 2364 Quod
228 2308 302 2357 vitam
313 2322 396 2357 moror
408 2307 520 2367 invisam,
529 2304 641 2356 'Pallante
653 2315 773 2368 peremto,

145 2398 252 2446 Dextera
260 2411 344 2446 caussa
355 2404 398 2445 tua
408 2403 460 2458 est;
477 2397 588 2443 Turmm
599 2403 718 2456 gnatoque
728 2394 837 2456 patrique

147 2487 226 2539 Quum
237 2486 324 2535 debere
335 2485 414 2533 vides
442 2483 537 2531 Meritis
545 2489 614 2530 vacat
624 2482 664 2530 hic
674 2481 718 2530 tibi
728 2482 796 2530 tolus

145 2574 305 2635 Fortunaque
315 2575 392 2621 locus.
426 2572 482 2619 Non
493 2570 547 2618 vitae
558 2570 645 2630 gaudis
655 2583 755 2631 quaero3

146 2661 198 2709 Nee
208 2661 262 2720 ἠως
279 2660 320 2709 sed
331 2668 388 2709 nato
400 2660 481 2707 Manis
491 2658 598 2720 perferre
608 2658 654 2705 suh
663 2657 735 2706 imos.

178 2748 275 2794 Aurora
285 2746 377 2795 interea
388 2745 482 2795 miseris
494 2746 636 2793 mortalibus
647 2746 737 2793 almam

147 2835 274 2883 Extulerut
283 2834 373 2893 lueem,
385 2836 491 2883 referens
503 2847 577 2897 opera
587 2841 658 2895 atque
669 2833 773 2880 labores.

148 2924 206 2971 Jam
217 2927 284 2984 pater
294 2922 394 2981 AEneas‚
402 2923 453 2981 Jam
464 2936 537 2971 curvo
548 2921 574 2969 in
584 2921 658 2969 litore
667 2920 762 2969 Tarcho

150 3008 303 3059 constituere
313 3021 391 3071 pyras.
425 3009 478 3057 Huc
489 3022 591 3071 oorpora
600 3007 701 3071 quisque
711 3022 811 3057 suorum

148 3102 220 3151 More
229 3101 308 3150 tulere
318 3106 432 3163 petrum3
449 3099 609 3160 subjectisque
619 3098 714 3160 ignibus
723 3098 783 3148 atris
