2334 3734
221 530 269 575 414
447 528 474 577 Ρ.
490 528 628 576 VIRGILH
647 529 801 579 MABONIS

223 658 358 716 iungemus
370 654 428 717 regi.
461 658 561 709 Quaerat
572 654 619 703 sibi
628 655 720 703 ioedcra
729 657 836 706 Turnus.

222 744 288 797 Quin
299 751 325 791 et
333 743 413 792 fatalis
425 756 552 790 murorum
563 744 675 791 attollere
685 744 774 805 moles,

223 829 337 893 saxaque
350 833 488 880 subvectare
498 830 607 878 humeris
617 832 725 890 'lbojana
734 830 836 891 jurabit.

223 918 325 968 Dixerat
334 921 397 978 haec,
409 931 506 980 unoque
518 930 604 965 omnes
615 918 698 967 eadem
709 933 753 967 ore
763 919 905 968 fremebant.

116 1037 120 1044 ·
222 1006 265 1056 Bis
276 1020 347 1055 senos
358 1007 468 1069 pepigere
479 1008 540 1068 dies,
552 1017 586 1068 et,
598 1024 656 1072 pace
665 1014 799 1069 sequestra,

221 1097 268 1145 Per
279 1096 350 1151 silvas
360 1098 459 1158 Teucri,
472 1098 591 1160 mixtique
599 1099 689 1160 inpune
701 1095 792 1155 Latini,

219 1185 337 1232 Erravere
345 1184 418 1245 jugis.
451 1188 526 1235 Ferro
537 1195 609 1236 sonat
618 1186 666 1233 icta
676 1183 776 1247 bipenni

220 1272 356 1335 Fraxinus;
373 1282 484 1324 evertant
493 1284 557 1325 actas
568 1276 600 1325 ad
611 1276 690 1323 sidera
700 1274 789 1336 pinus;
873 1280 881 1288 ·

223 1361 320 1407 Robora
331 1375 375 1409 nec
385 1363 469 1411 cuneis
481 1371 505 1412 et
516 1364 624 1412 olentem
634 1362 745 1410 scindere
755 1361 865 1420 cedrum,

224 1448 275 1496 Nec
285 1448 398 1510 plaustris
410 1456 505 1497 cessant
515 1456 609 1496 vectare
620 1448 772 1508 gementibus
783 1460 866 1495 ornos.

183 1516 186 1523 ¹
252 1536 290 1583 Et,
293 1538 343 1594 jam
357 1536 431 1584 Fama
441 1537 536 1594 volans,
549 1535 612 1582 tanti
623 1535 761 1596 praenuntia
769 1536 860 1594 luctus,

219 1622 357 1670 Evandrum
370 1622 522 1683 Evandrique
534 1622 619 1669 domos
630 1629 655 1669 et
665 1621 756 1670 moenia
766 1624 873 1685 couplet,

221 1712 281 1777 Quae
290 1709 363 1757 modo
376 1710 492 1758 victorem
503 1708 572 1758 Latio
585 1710 696 1757 Pallanta
708 1710 810 1757 ferebat.

222 1799 328 1848 Arcades
340 1798 370 1847 ad
380 1806 461 1861 portas
473 1813 554 1858 ruere,
566 1807 592 1847 et
600 1797 631 1847 de
639 1813 706 1847 more
718 1806 812 1847 vetusto

168 1914 178 1924 -
223 1889 342 1936 Fuuereas
354 1902 453 1949 rapuere
464 1888 537 1936 iaces.
571 1890 646 1936 Lucet
655 1888 694 1936 ria
704 1889 778 1949 longo

225 1975 318 2024 Ordine
328 1975 492 2034 flammarum,
501 1982 526 2023 et
537 1975 585 2022 late
595 1975 747 2024 discriminat
757 1988 836 2036 agros.
924 1971 933 1979 '

149 2072 156 2085 ·
224 2064 316 2111 Contra
326 2064 397 2112 turba
409 2064 530 2126 Phrygum
540 2059 639 2113 veniens
650 2064 788 2127 plangentia
798 2066 905 2125 jungunt

167 2149 172 2157 '
225 2150 336 2210 Agmina.
369 2152 429 2205 Quae
439 2158 567 2213 postquam
584 2160 673 2201 matres
686 2150 893 2201 mecedereoectis
978 2148 983 2153 ’

224 2236 353 2299 Viderunt,
364 2246 473 2287 maestam
485 2230 618 2288 incendunt
628 2240 776 2289 clamoribus
787 2240 882 2287 urbem.

222 2326 258 2373 At
268 2340 317 2373 nou
329 2327 468 2375 Evandrum
479 2320 542 2389 potis
553 2336 591 2376 est
601 2328 637 2376 vis
648 2328 700 2376 ulla
709 2336 805 2376 tenere:

172 2438 177 2449 =
223 2416 271 2467 Sed
282 2418 347 2467 veuit
358 2419 383 2467 in
392 2420 492 2469 medios.
526 2423 625 2469 Feretro
635 2422 744 2469 Pallanta
753 2427 850 2483 reposto

226 2506 357 2555 Procubuit
368 2522 449 2570 super,
461 2517 532 2569 atque
544 2509 620 2559 haeret
631 2509 808 2571 lacrimansque
818 2520 973 2569 gemensque,

225 2594 257 2641 Et
269 2592 306 2641 via
315 2593 355 2641 vix
364 2594 460 2642 tandem
471 2596 524 2643 voci
534 2597 616 2645 laxata
627 2597 712 2646 dolore
723 2604 772 2645 est:

226 2680 282 2727 Nou
294 2680 356 2739 haec,
368 2695 383 2727 o
397 2682 474 2741 Palla,
486 2682 584 2733 dederas
596 2686 716 2747 promissa
726 2683 828 2747 parenti.

227 2765 325 2814 Cautlua
338 2774 364 2814 ut
376 2782 438 2815 saevo
450 2770 524 2817 velles
537 2778 560 2818 te
571 2772 669 2820 credere
680 2770 772 2819 Marti!

225 2853 296 2901 Haud
307 2853 404 2915 ignarus
416 2871 492 2917 eram,
504 2867 620 2920 quantum
629 2874 692 2908 nova
701 2858 780 2919 gloria
790 2857 816 2905 in
828 2855 914 2916 armis,

225 2942 257 2989 Et
268 2942 388 3003 praedulce
401 2946 471 2995 decus
483 2948 562 3009 primo
574 2947 706 2997 certamine
717 2953 808 3009 posset.

125 3025 133 3037 '
225 3028 342 3079 Primitiae
349 3034 444 3093 juvenis
455 3036 548 3084 miserae
561 3040 567 3085 !
586 3036 691 3098 bellique
701 3034 832 3099 propinqui

229 3116 295 3165 Dura
308 3119 461 3169 rudimenta!
479 3130 504 3172 ct
513 3124 574 3171 nulli
585 3122 698 3172 exaudita
707 3123 810 3172 deorum
