2334 3734
816 548 975 599 AENEIDOS
990 550 1052 600 ΗΒ.
1070 552 1115 601 Xl.

576 676 670 724 Pectora
678 683 831 737 merentum,
842 677 958 740 puerique
968 679 1109 741 parentibus
1119 680 1165 727 orb

574 763 655 812 Dirum
665 772 821 813 exsecrantur
831 766 924 814 bellum
934 767 1059 830 Turnique
1069 768 1165 831 hymen

574 854 651 915 Ipsum
661 853 745 913 armis,
757 853 884 915 ipsumque
890 856 978 915 jubent
987 854 1118 905 decernere
1128 858 1153 905 fe

574 942 618 996 Qui
629 957 727 1003 regnum
740 943 815 993 ltalim
827 951 852 994 et
863 945 956 1007 primos
968 945 1014 994 eibi
1024 954 1108 1009 poscat
1118 947 1151 995 ho

573 1033 679 1092 lngramt
689 1032 741 1081 haee
752 1047 829 1082 saevus
840 1035 958 1092 Drances,
970 1034 1098 1096 solumque
1109 1049 1134 1083 v·
1145 1055 1161 1076 ν’,

571 1121 687 1180 Teutaun,
697 1122 777 1169 tolum
788 1121 855 1184 posci
865 1122 891 1169 in
901 1122 1033 1170 certamina
1044 1124 1166 1171 Turnum.

574 1210 648 1258 Multa
658 1210 730 1259 simul
741 1218 827 1259 contra
838 1210 909 1259 variie
920 1211 1040 1260 sententia
1051 1212 1121 1260 dictis

574 1300 618 1347 Pro
628 1302 726 1362 'llnrn03
743 1309 768 1348 et
778 1314 894 1360 magnum
904 1300 994 1361 regium
1005 1314 1096 1348 nomen
1107 1302 1167 1350 obn

572 1389 647 1437 Multa
655 1368 733 1437 lirum
745 1390 838 1438 meritis
848 1396 969 1438 sustentat
980 1389 1045 1437 famu
1056 1390 1163 1452 tropen.

602 1480 651 1525 Hos
661 1477 724 1526 inter
735 1486 826 1538 motus,
838 1478 918 1527 medio
929 1478 955 1525 in
965 1478 1083 1539 flagrante
1093 1485 1146 1526 tum

570 1567 638 1627 Ecce,
649 1581 719 1630 nuper
731 1568 809 1615 maesti
820 1582 908 1629 magna
919 1567 1044 1616 Diomedis
1054 1569 1084 1616 ab
1094 1568 1154 1616 urbe

568 1654 647 1716 Legati
657 1670 772 1718 responsa
782 1657 880 1717 fernnt;
898 1656 959 1704 nihil
970 1656 1088 1704 omnihus*
1096 1663 1161 1705 actm

566 1746 699 1793 'lautorum
710 1744 817 1807 inpensis
828 1759 948 1806 operum3
965 1744 1002 1792 nil
1012 1744 1087 1803 dona,
1098 1758 1162 1806 nequ

568 1834 617 1881 Nec
628 1847 728 1895 magnae,
736 1833 838 1881 valuisse
848 1847 946 1895 precee3
970 1833 1018 1881 alia
1028 1846 1097 1881 arma
1108 1832 1160 1880 Lati

566 1921 712 1982 Quaerenda,
724 1930 766 1970 aut
775 1926 859 1984 pacem
869 1923 977 1983 Trojano
989 1922 1019 1969 ab
1029 1936 1085 1981 rege
1095 1928 1166 1984 peten

564 2009 652 2057 Deficit
661 2010 754 2070 ingenti
765 2012 832 2059 luctu
844 2025 888 2059 rex
899 2011 949 2073 ipse
961 2010 1070 2059 Latinus.

563 2096 670 2146 Fatalem
681 2099 776 2145 AEnean
787 2098 917 2146 manifesto
928 2098 1028 2145 numine
1037 2099 1107 2157 ferri,

561 2188 686 2236 Admonet
695 2185 733 2233 ira
742 2185 824 2245 deum,
835 2186 971 2247 tumulique
982 2191 1037 2233 ante
1048 2199 1093 2233 ora
1102 2196 1167 2233 rece

560 2278 627 2337 Ergo
637 2274 769 2324 concillum
781 2286 906 2336 magnum,
917 2274 1055 2337 primosque
1066 2287 1141 2321 suoru
1148 2293 1159 2314 ιι

561 2365 669 2428 Imperio
680 2363 782 2423 adcitoe,
793 2364 843 2411 alta
854 2363 919 2411 intra
929 2362 1015 2411 limina
1024 2361 1096 2423 eogit.

559 2454 615 2503 Olli
626 2467 772 2513 convenere,
784 2452 911 2515 fluuntque
922 2452 953 2499 ad
963 2451 1030 2512 regia
1039 2450 1117 2514 plenis

558 2987 593 3034 Et
604 2985 717 3035 Venulus
729 2984 794 3033 dieto
805 2997 893 3044 parent
903 2983 937 3031 ita
948 2982 1021 3032 farier
1032 2982 1101 3035 iufitz

591 3072 718 3131 Vidimus,
730 3070 828 3130 ocivee,
839 3070 956 3119 Diomede
966 3069 1103 3130 Argivaque
1113 3081 1152 3116 cae

556 3164 644 3227 Atque
654 3162 701 3211 iter
711 3158 804 3211 ementi
813 3172 882 3209 cmm
892 3157 1057 3221 superavimus
1066 3156 1163 3218 omnim

949 3250 964 3295 2
975 3260 992 3294 n
