2334 3734
223 486 255 534 88
446 495 474 543 Ρ.
491 497 628 548 VlBGlLll
648 503 802 558 MARONIS

223 614 301 664 Pestis
313 620 399 668 acerba
410 621 495 684 boum,
505 619 634 690 pecorique
645 631 789 696 adspergere
799 637 877 702 vinis,

220 705 291 755 Fovit
300 707 411 759 humum.
446 713 511 776 Cape
522 730 582 766 saxa
593 733 678 782 manu,
689 738 749 786 cape
758 728 859 790 robora,
864 740 958 795 pasonr,

220 792 407 858 Tollentemque
419 799 497 850 minas
509 811 533 852 et
543 804 616 855 sibila
626 810 691 859 oolla
701 819 837 865 urmeuuem

220 879 319 945 Dejice5
334 885 433 948 Jamque
444 890 501 952 biga
512 892 626 944 timidum
637 909 711 961 cuput
722 903 814 954 abdidit
826 908 886 971 ulte,

221 969 303 1022 Quum
315 974 389 1023 medii
402 992 479 1028 nexus
491 989 654 1046 extremaque
665 989 762 1050 agmina
771 995 855 1044 caude

220 1058 364 1124 Solvuntur,
376 1067 506 1130 tardosque
517 1072 594 1122 trahit
604 1075 673 1124 sinus
683 1079 785 1130 ultimus
795 1084 871 1136 orbis.

218 1147 264 1196 Est
273 1149 346 1200 etiam
358 1152 400 1202 ille
412 1158 490 1207 malus
503 1159 614 1212 Calabris
624 1163 651 1212 in
663 1168 765 1218 saltibus
776 1173 872 1236 anguis,

219 1237 339 1299 squamea
349 1247 495 1296 convolvens
507 1251 604 1300 sublato
618 1262 715 1316 pectore
726 1265 803 1321 ηιμ,

217 1327 297 1390 Atque
309 1331 373 1380 notis
384 1334 483 1397 longam
494 1342 633 1392 maculosus
643 1347 775 1406 grandibus
786 1353 882 1404 alvum:

216 1415 275 1476 Qui,
287 1417 344 1468 dum
356 1435 439 1473 amnes
451 1426 495 1474 ulli
507 1442 655 1493 rumpuntur
667 1437 788 1502 lontibus,
799 1451 825 1492 es
834 1444 893 1495 dum

215 1505 278 1554 Vere
289 1509 387 1559 madent
398 1514 447 1563 udo
458 1523 530 1566 terrae
541 1533 568 1569 ac
580 1524 726 1585 pluvialibus
736 1531 838 1594 austris,

213 1593 303 1656 stagna
313 1598 387 1662 collt5
405 1602 512 1668 ripisque
522 1608 645 1674 habitans,
657 1615 697 1665 bic
707 1619 813 1680 piscibus
824 1631 902 1675 atram

212 1682 331 1745 inprobus
343 1687 474 1750 ingluviem
486 1697 600 1762 ranisque
611 1703 753 1766 loquacibus
763 1715 854 1776 explet

212 1772 342 1836 Postquam
354 1788 439 1830 exusta
448 1785 527 1846 palus,
539 1796 659 1854 terraque
668 1795 756 1847 ardore
770 1799 915 1869 debiscnut3

210 1859 300 1910 Exsilil
310 1862 336 1912 in
346 1865 448 1930 siccum,
459 1880 486 1921 et
496 1873 646 1930 flammantia
657 1883 752 1936 lumina
760 1897 878 1954 torquens

209 1948 283 1999 Suavis
291 1953 366 2015 agris,
378 1970 497 2022 asperque
507 1963 547 2013 siti
557 1974 631 2030 atque
641 1975 774 2026 exterritus
781 1987 851 2030 maur.

129 2029 132 2034 '
209 2037 248 2085 Ne
259 2038 321 2089 mihi
331 2049 384 2092 tum
395 2048 477 2098 mollis
488 2053 533 2101 sub
544 2053 600 2104 divo
611 2071 710 2122 carpere
721 2077 833 2129 somnos,

182 2173 186 2180 ,
208 2125 264 2174 Neu
275 2127 349 2180 dorso
360 2136 468 2186 nemoris
479 2139 554 2191 libeat
559 2144 665 2203 jacuisse
675 2164 720 2211 per
731 2153 836 2206 herbas:

207 2215 289 2268 Quum
302 2220 387 2280 positis
399 2239 476 2276 noum
487 2231 580 2280 exuviis
592 2235 731 2302 nitidusque
737 2243 841 2302 iuventa

204 2304 327 2368 Volvitur,
339 2319 382 2360 aut
392 2316 486 2366 camlos
497 2320 566 2370 tactis
577 2331 621 2374 aut
629 2340 676 2378 oua
685 2331 837 2398 relinquens,

201 2392 300 2444 Arduus
313 2397 344 2446 ad
352 2401 431 2450 solem
442 2412 467 2454 ec
478 2406 567 2470 linguis
579 2413 653 2464 micat
664 2432 708 2468 ora
718 2422 834 2476 ubulcis.

232 2483 379 2536 Morborum
389 2505 485 2556 quoque
496 2504 520 2546 te
531 2513 629 2552 mussas
640 2514 666 2556 et
674 2507 745 2573 sigua
754 2512 854 2567 docebo.
957 2563 961 2570 .

201 2571 291 2635 iurpir
302 2577 354 2627 oris
365 2587 443 2631 lentat
451 2586 555 2650 ‘scabiem
565 2593 608 2640 ubi
620 2595 723 2657 frigidus
733 2600 811 2654 imber

197 2658 279 2709 Altius
289 2663 320 2712 ad
331 2665 412 2716 vivum
422 2655 537 2735 per'sedit,
549 2686 574 2727 et
584 2680 686 2734 horrida
696 2701 758 2738 cano

197 2747 289 2798 Bruma
304 2752 378 2816 ge1u3
396 2758 434 2805 vel
445 2775 520 2821 quum
532 2768 610 2818 tonsis
621 2771 713 2826 inlotus
723 2778 825 2832 munis

193 2922 309 2975 Dulcibus
322 2928 412 2982 idcirco
423 2935 502 2988 fluviis
513 2957 586 3004 pecus
596 2961 671 2998 omne
682 2953 792 3014 maginni

193 3011 356 3078 Perlundunt,
367 3020 468 3086 udisque
480 3029 543 3078 aries
554 3031 579 3080 in
590 3037 685 3097 gorgite
696 3040 761 3092 villis

193 3100 327 3167 Murmur,
341 3108 477 3175 missusque
489 3121 597 3171 secundo
608 3123 695 3178 defluit
703 3133 791 3196 amul;
