<?xml version="1.0" encoding="UTF-8"?>
<!DOCTYPE html PUBLIC "-//W3C//DTD XHTML 1.0 Transitional//EN"
    "http://www.w3.org/TR/xhtml1/DTD/xhtml1-transitional.dtd">
<html xmlns="http://www.w3.org/1999/xhtml" xml:lang="en" lang="en">
 <head>
  <title>
</title>
<meta http-equiv="Content-Type" content="text/html;charset=utf-8" />
  <meta name='ocr-system' content='tesseract 3.04.00' />
  <meta name='ocr-capabilities' content='ocr_page ocr_carea ocr_par ocr_line ocrx_word'/>
</head>
<body>
  <div class='ocr_page' id='page_1' title='image "./publiivirgiliim00heyngoog/publiivirgiliim00heyngoog_0079.png"; bbox 0 0 2334 3734; ppageno 0'>
   <div class='ocr_carea' id='block_1_1' title="bbox 372 497 933 556">
    <p class='ocr_par' dir='ltr' id='par_1_1' title="bbox 372 497 933 556">
     <span class='ocr_line' id='line_1_1' title="bbox 372 497 933 556; baseline 0.02 -11"><span class='ocrx_word' id='word_1_1' title='bbox 372 497 569 548; x_wconf 73' lang='lat' dir='ltr'><strong>usonfflcorl</strong></span> <span class='ocrx_word' id='word_1_2' title='bbox 586 500 648 550; x_wconf 71' lang='lat' dir='ltr'><strong>tls.</strong></span> <span class='ocrx_word' id='word_1_3' title='bbox 666 502 698 550; x_wconf 91' lang='lat' dir='ltr'><strong>ll.</strong></span> <span class='ocrx_word' id='word_1_4' title='bbox 903 505 933 556; x_wconf 78' lang='grc'><strong>67</strong></span> 
     </span>
    </p>
   </div>
   <div class='ocr_carea' id='block_1_2' title="bbox 130 619 930 3158">
    <p class='ocr_par' dir='ltr' id='par_1_2' title="bbox 131 619 789 1214">
     <span class='ocr_line' id='line_1_2' title="bbox 133 619 650 690; baseline 0.017 -22"><span class='ocrx_word' id='word_1_5' title='bbox 133 619 199 669; x_wconf 87' lang='lat' dir='ltr'><strong>llinc</strong></span> <span class='ocrx_word' id='word_1_6' title='bbox 209 621 290 670; x_wconf 91' lang='lat' dir='ltr'><strong>omnis</strong></span> <span class='ocrx_word' id='word_1_7' title='bbox 302 623 370 684; x_wconf 79' lang='lat' dir='ltr'><strong>largo</strong></span> <span class='ocrx_word' id='word_1_8' title='bbox 381 625 490 687; x_wconf 82' lang='lat' dir='ltr'><strong>pubescit</strong></span> <span class='ocrx_word' id='word_1_9' title='bbox 500 626 571 676; x_wconf 84' lang='lat' dir='ltr'><strong>vinea</strong></span> <span class='ocrx_word' id='word_1_10' title='bbox 581 627 650 690; x_wconf 61' lang='grc' dir='ltr'><strong>ἰείη</strong></span> 
     </span>
     <span class='ocr_line' id='line_1_3' title="bbox 133 709 761 779; baseline 0.014 -21"><span class='ocrx_word' id='word_1_11' title='bbox 133 709 286 772; x_wconf 84' lang='lat' dir='ltr'><strong>Conplentur</strong></span> <span class='ocrx_word' id='word_1_12' title='bbox 298 712 419 774; x_wconf 78' lang='lat' dir='ltr'><strong>vallesque</strong></span> <span class='ocrx_word' id='word_1_13' title='bbox 429 727 492 762; x_wconf 75' lang='lat' dir='ltr'><strong>csse</strong></span> <span class='ocrx_word' id='word_1_14' title='bbox 502 716 626 778; x_wconf 75' lang='lat' dir='ltr'><strong>saltusque</strong></span> <span class='ocrx_word' id='word_1_15' title='bbox 635 716 761 779; x_wconf 77' lang='lat' dir='ltr'><strong>protumdi,</strong></span> 
     </span>
     <span class='ocr_line' id='line_1_4' title="bbox 132 797 789 866; baseline 0.017 -22"><span class='ocrx_word' id='word_1_16' title='bbox 132 797 166 845; x_wconf 83' lang='lat' dir='ltr'><strong>lit</strong></span> <span class='ocrx_word' id='word_1_17' title='bbox 176 811 329 862; x_wconf 89' lang='lat' dir='ltr'><strong>quocumque</strong></span> <span class='ocrx_word' id='word_1_18' title='bbox 339 799 399 848; x_wconf 87' lang='lat' dir='ltr'><strong>deus</strong></span> <span class='ocrx_word' id='word_1_19' title='bbox 409 801 499 850; x_wconf 82' lang='lat' dir='ltr'><strong>circum</strong></span> <span class='ocrx_word' id='word_1_20' title='bbox 511 812 583 866; x_wconf 81' lang='lat' dir='ltr'><strong>caput</strong></span> <span class='ocrx_word' id='word_1_21' title='bbox 594 804 643 866; x_wconf 72' lang='lat' dir='ltr'><strong>egit</strong></span> <span class='ocrx_word' id='word_1_22' title='bbox 652 806 789 858; x_wconf 67' lang='lat' dir='ltr'><strong>honestum.</strong></span> 
     </span>
     <span class='ocr_line' id='line_1_5' title="bbox 132 886 696 945; baseline 0.02 -13"><span class='ocrx_word' id='word_1_23' title='bbox 132 886 199 945; x_wconf 78' lang='lat' dir='ltr'><strong>Ergo</strong></span> <span class='ocrx_word' id='word_1_24' title='bbox 211 886 257 934; x_wconf 88' lang='lat' dir='ltr'><strong>rite</strong></span> <span class='ocrx_word' id='word_1_25' title='bbox 269 901 341 935; x_wconf 90' lang='lat' dir='ltr'><strong>suum</strong></span> <span class='ocrx_word' id='word_1_26' title='bbox 352 888 448 938; x_wconf 86' lang='lat' dir='ltr'><strong>Baccho</strong></span> <span class='ocrx_word' id='word_1_27' title='bbox 459 889 566 940; x_wconf 88' lang='lat' dir='ltr'><strong>dioemus</strong></span> <span class='ocrx_word' id='word_1_28' title='bbox 575 892 696 944; x_wconf 79' lang='lat' dir='ltr'><strong>honorem</strong></span> 
     </span>
     <span class='ocr_line' id='line_1_6' title="bbox 134 975 760 1044; baseline 0.016 -22"><span class='ocrx_word' id='word_1_29' title='bbox 134 975 290 1024; x_wconf 77' lang='lat' dir='ltr'><strong>Carminium</strong></span> <span class='ocrx_word' id='word_1_30' title='bbox 301 975 394 1038; x_wconf 75' lang='lat' dir='ltr'><strong>patriis,</strong></span> <span class='ocrx_word' id='word_1_31' title='bbox 406 978 533 1040; x_wconf 72' lang='lat' dir='ltr'><strong>laudesque</strong></span> <span class='ocrx_word' id='word_1_32' title='bbox 544 987 569 1029; x_wconf 88' lang='lat' dir='ltr'><strong>et</strong></span> <span class='ocrx_word' id='word_1_33' title='bbox 578 979 629 1028; x_wconf 85' lang='lat' dir='ltr'><strong>liba</strong></span> <span class='ocrx_word' id='word_1_34' title='bbox 639 980 760 1044; x_wconf 77' lang='lat' dir='ltr'><strong>ieremns3</strong></span> 
     </span>
     <span class='ocr_line' id='line_1_7' title="bbox 131 1062 734 1129; baseline 0.013 -19"><span class='ocrx_word' id='word_1_35' title='bbox 131 1063 166 1111; x_wconf 83' lang='lat' dir='ltr'><strong>Et</strong></span> <span class='ocrx_word' id='word_1_36' title='bbox 176 1062 262 1112; x_wconf 73' lang='lat' dir='ltr'><strong>ductus</strong></span> <span class='ocrx_word' id='word_1_37' title='bbox 272 1079 349 1114; x_wconf 90' lang='lat' dir='ltr'><strong>cornu</strong></span> <span class='ocrx_word' id='word_1_38' title='bbox 360 1065 433 1114; x_wconf 81' lang='lat' dir='ltr'><strong>stabit</strong></span> <span class='ocrx_word' id='word_1_39' title='bbox 442 1079 508 1114; x_wconf 84' lang='lat' dir='ltr'><strong>secer</strong></span> <span class='ocrx_word' id='word_1_40' title='bbox 519 1067 603 1116; x_wconf 89' lang='lat' dir='ltr'><strong>hircus</strong></span> <span class='ocrx_word' id='word_1_41' title='bbox 614 1068 646 1116; x_wconf 85' lang='lat' dir='ltr'><strong>sd</strong></span> <span class='ocrx_word' id='word_1_42' title='bbox 656 1082 734 1129; x_wconf 69' lang='lat' dir='ltr'><strong>mam,</strong></span> 
     </span>
     <span class='ocr_line' id='line_1_8' title="bbox 133 1150 778 1214; baseline 0.009 -15"><span class='ocrx_word' id='word_1_43' title='bbox 133 1150 283 1214; x_wconf 78' lang='lat' dir='ltr'><strong>Pinguiaque</strong></span> <span class='ocrx_word' id='word_1_44' title='bbox 294 1152 318 1200; x_wconf 91' lang='lat' dir='ltr'><strong>in</strong></span> <span class='ocrx_word' id='word_1_45' title='bbox 330 1152 426 1201; x_wconf 78' lang='lat' dir='ltr'>veribus</span> <span class='ocrx_word' id='word_1_46' title='bbox 437 1153 583 1203; x_wconf 68' lang='lat' dir='ltr'><strong>torrebimus</strong></span> <span class='ocrx_word' id='word_1_47' title='bbox 595 1164 653 1204; x_wconf 81' lang='lat' dir='ltr'><strong>exte</strong></span> <span class='ocrx_word' id='word_1_48' title='bbox 662 1155 778 1206; x_wconf 83' lang='lat' dir='ltr'><strong>columis.</strong></span> 
     </span>
    </p>

    <p class='ocr_par' dir='ltr' id='par_1_3' title="bbox 130 1240 930 3158">
     <span class='ocr_line' id='line_1_9' title="bbox 165 1240 728 1306; baseline 0.007 -17"><span class='ocrx_word' id='word_1_49' title='bbox 165 1241 210 1289; x_wconf 79' lang='lat' dir='ltr'><strong>Est</strong></span> <span class='ocrx_word' id='word_1_50' title='bbox 219 1240 292 1290; x_wconf 58' lang='lat' dir='ltr'><strong>mam</strong></span> <span class='ocrx_word' id='word_1_51' title='bbox 303 1242 344 1290; x_wconf 90' lang='lat' dir='ltr'><strong>ille</strong></span> <span class='ocrx_word' id='word_1_52' title='bbox 355 1243 423 1290; x_wconf 78' lang='lat' dir='ltr'><strong>labor</strong></span> <span class='ocrx_word' id='word_1_53' title='bbox 434 1242 546 1292; x_wconf 77' lang='lat' dir='ltr'>curandis</span> <span class='ocrx_word' id='word_1_54' title='bbox 557 1243 646 1293; x_wconf 84' lang='lat' dir='ltr'><strong>vitibus</strong></span> <span class='ocrx_word' id='word_1_55' title='bbox 656 1245 728 1306; x_wconf 87' lang='lat' dir='ltr'><strong>alter,</strong></span> 
     </span>
     <span class='ocr_line' id='line_1_10' title="bbox 133 1329 930 1395; baseline 0.004 -16"><span class='ocrx_word' id='word_1_56' title='bbox 133 1329 181 1379; x_wconf 85' lang='lat' dir='ltr'><strong>Cui</strong></span> <span class='ocrx_word' id='word_1_57' title='bbox 191 1344 323 1392; x_wconf 81' lang='lat' dir='ltr'><strong>numquam</strong></span> <span class='ocrx_word' id='word_1_58' title='bbox 339 1331 451 1380; x_wconf 77' lang='lat' dir='ltr'><strong>exhausti</strong></span> <span class='ocrx_word' id='word_1_59' title='bbox 466 1331 524 1380; x_wconf 82' lang='lat' dir='ltr'><strong>setis</strong></span> <span class='ocrx_word' id='word_1_60' title='bbox 534 1339 584 1380; x_wconf 84' lang='lat' dir='ltr'><strong>est:</strong></span> <span class='ocrx_word' id='word_1_61' title='bbox 602 1345 707 1394; x_wconf 80' lang='lat' dir='ltr'><strong>namque</strong></span> <span class='ocrx_word' id='word_1_62' title='bbox 717 1346 791 1382; x_wconf 89' lang='lat' dir='ltr'><strong>omne</strong></span> <span class='ocrx_word' id='word_1_63' title='bbox 801 1333 930 1395; x_wconf 78' lang='lat' dir='ltr'><strong>quotsnnls</strong></span> 
     </span>
     <span class='ocr_line' id='line_1_11' title="bbox 131 1419 852 1483; baseline 0.006 -17"><span class='ocrx_word' id='word_1_64' title='bbox 131 1420 229 1480; x_wconf 84' lang='lat' dir='ltr'><strong>Terque</strong></span> <span class='ocrx_word' id='word_1_65' title='bbox 240 1426 371 1480; x_wconf 79' lang='lat' dir='ltr'><strong>quaterque</strong></span> <span class='ocrx_word' id='word_1_66' title='bbox 382 1420 461 1468; x_wconf 86' lang='lat' dir='ltr'><strong>solum</strong></span> <span class='ocrx_word' id='word_1_67' title='bbox 472 1419 640 1480; x_wconf 86' lang='lat' dir='ltr'><strong>scindendum,</strong></span> <span class='ocrx_word' id='word_1_68' title='bbox 651 1421 767 1483; x_wconf 72' lang='lat' dir='ltr'><strong>glebaque</strong></span> <span class='ocrx_word' id='word_1_69' title='bbox 776 1421 852 1470; x_wconf 64' lang='lat' dir='ltr'><strong>susis</strong></span> 
     </span>
     <span class='ocr_line' id='line_1_12' title="bbox 130 1506 794 1570; baseline 0.003 -14"><span class='ocrx_word' id='word_1_70' title='bbox 130 1508 261 1556; x_wconf 82' lang='lat' dir='ltr'><strong>AEternum</strong></span> <span class='ocrx_word' id='word_1_71' title='bbox 273 1506 403 1568; x_wconf 75' lang='lat' dir='ltr'><strong>irangenda</strong></span> <span class='ocrx_word' id='word_1_72' title='bbox 412 1507 564 1570; x_wconf 86' lang='lat' dir='ltr'><strong>bidentibus;</strong></span> <span class='ocrx_word' id='word_1_73' title='bbox 581 1521 654 1556; x_wconf 88' lang='lat' dir='ltr'><strong>omne</strong></span> <span class='ocrx_word' id='word_1_74' title='bbox 664 1509 794 1558; x_wconf 82' lang='lat' dir='ltr'><strong>levandum</strong></span> 
     </span>
     <span class='ocr_line' id='line_1_13' title="bbox 133 1595 849 1657; baseline 0.003 -13"><span class='ocrx_word' id='word_1_75' title='bbox 133 1595 229 1644; x_wconf 77' lang='lat' dir='ltr'><strong>Fronde</strong></span> <span class='ocrx_word' id='word_1_76' title='bbox 241 1609 345 1657; x_wconf 88' lang='lat' dir='ltr'><strong>nemus;</strong></span> <span class='ocrx_word' id='word_1_77' title='bbox 362 1595 426 1644; x_wconf 86' lang='lat' dir='ltr'><strong>redit</strong></span> <span class='ocrx_word' id='word_1_78' title='bbox 436 1595 548 1656; x_wconf 77' lang='lat' dir='ltr'><strong>agricolis</strong></span> <span class='ocrx_word' id='word_1_79' title='bbox 559 1596 628 1644; x_wconf 81' lang='lat' dir='ltr'><strong>leber</strong></span> <span class='ocrx_word' id='word_1_80' title='bbox 638 1603 706 1645; x_wconf 80' lang='lat' dir='ltr'><strong>nctus</strong></span> <span class='ocrx_word' id='word_1_81' title='bbox 716 1596 742 1646; x_wconf 89' lang='lat' dir='ltr'><strong>in</strong></span> <span class='ocrx_word' id='word_1_82' title='bbox 752 1597 849 1656; x_wconf 82' lang='lat' dir='ltr'><strong>orbem,</strong></span> 
     </span>
     <span class='ocr_line' id='line_1_14' title="bbox 133 1683 717 1746; baseline 0.002 -13"><span class='ocrx_word' id='word_1_83' title='bbox 133 1686 215 1746; x_wconf 80' lang='lat' dir='ltr'><strong>Atque</strong></span> <span class='ocrx_word' id='word_1_84' title='bbox 225 1683 251 1732; x_wconf 90' lang='lat' dir='ltr'><strong>in</strong></span> <span class='ocrx_word' id='word_1_85' title='bbox 263 1697 289 1731; x_wconf 90' lang='lat' dir='ltr'><strong>se</strong></span> <span class='ocrx_word' id='word_1_86' title='bbox 301 1697 345 1732; x_wconf 86' lang='lat' dir='ltr'><strong>sus</strong></span> <span class='ocrx_word' id='word_1_87' title='bbox 354 1697 396 1746; x_wconf 84' lang='lat' dir='ltr'><strong>per</strong></span> <span class='ocrx_word' id='word_1_88' title='bbox 406 1683 506 1744; x_wconf 74' lang='lat' dir='ltr'><strong>vestigia</strong></span> <span class='ocrx_word' id='word_1_89' title='bbox 516 1684 620 1732; x_wconf 73' lang='lat' dir='ltr'><strong>volvitur</strong></span> <span class='ocrx_word' id='word_1_90' title='bbox 630 1699 717 1734; x_wconf 76' lang='lat' dir='ltr'><strong>mnus.</strong></span> 
     </span>
     <span class='ocr_line' id='line_1_15' title="bbox 132 1771 761 1836; baseline 0.005 -15"><span class='ocrx_word' id='word_1_91' title='bbox 132 1775 169 1821; x_wconf 82' lang='lat' dir='ltr'><strong>Ac</strong></span> <span class='ocrx_word' id='word_1_92' title='bbox 177 1774 229 1832; x_wconf 78' lang='lat' dir='ltr'><strong>jam</strong></span> <span class='ocrx_word' id='word_1_93' title='bbox 240 1771 311 1830; x_wconf 87' lang='lat' dir='ltr'><strong>olim,</strong></span> <span class='ocrx_word' id='word_1_94' title='bbox 322 1785 387 1820; x_wconf 81' lang='lat' dir='ltr'><strong>seres</strong></span> <span class='ocrx_word' id='word_1_95' title='bbox 397 1771 478 1834; x_wconf 87' lang='lat' dir='ltr'><strong>posuit</strong></span> <span class='ocrx_word' id='word_1_96' title='bbox 489 1785 564 1832; x_wconf 88' lang='lat' dir='ltr'><strong>quum</strong></span> <span class='ocrx_word' id='word_1_97' title='bbox 576 1771 646 1821; x_wconf 73' lang='lat' dir='ltr'><strong>vium</strong></span> <span class='ocrx_word' id='word_1_98' title='bbox 656 1773 761 1836; x_wconf 83' lang='lat' dir='ltr'><strong>frondis,</strong></span> 
     </span>
     <span class='ocr_line' id='line_1_16' title="bbox 133 1858 714 1924; baseline 0 -14"><span class='ocrx_word' id='word_1_99' title='bbox 133 1858 245 1922; x_wconf 76' lang='lat' dir='ltr'><strong>Frigidus</strong></span> <span class='ocrx_word' id='word_1_100' title='bbox 256 1868 280 1909; x_wconf 88' lang='lat' dir='ltr'><strong>et</strong></span> <span class='ocrx_word' id='word_1_101' title='bbox 291 1859 357 1908; x_wconf 85' lang='lat' dir='ltr'><strong>silvis</strong></span> <span class='ocrx_word' id='word_1_102' title='bbox 369 1859 450 1921; x_wconf 85' lang='lat' dir='ltr'><strong>squilo</strong></span> <span class='ocrx_word' id='word_1_103' title='bbox 461 1859 566 1908; x_wconf 85' lang='lat' dir='ltr'><strong>decussit</strong></span> <span class='ocrx_word' id='word_1_104' title='bbox 575 1861 695 1920; x_wconf 80' lang='lat' dir='ltr'><strong>honorem</strong></span> <span class='ocrx_word' id='word_1_105' title='bbox 706 1881 714 1924; x_wconf 78' lang='lat'>3</span> 
     </span>
     <span class='ocr_line' id='line_1_17' title="bbox 132 1948 806 2000; baseline 0 0"><span class='ocrx_word' id='word_1_106' title='bbox 132 1949 190 2000; x_wconf 84' lang='lat' dir='ltr'><strong>Jam</strong></span> <span class='ocrx_word' id='word_1_107' title='bbox 202 1957 255 1998; x_wconf 88' lang='lat' dir='ltr'><strong>tum</strong></span> <span class='ocrx_word' id='word_1_108' title='bbox 266 1963 321 1998; x_wconf 80' lang='lat' dir='ltr'><strong>acer</strong></span> <span class='ocrx_word' id='word_1_109' title='bbox 332 1963 402 1998; x_wconf 82' lang='lat' dir='ltr'><strong>mnas</strong></span> <span class='ocrx_word' id='word_1_110' title='bbox 412 1948 547 1998; x_wconf 85' lang='lat' dir='ltr'><strong>venientem</strong></span> <span class='ocrx_word' id='word_1_111' title='bbox 558 1949 668 1998; x_wconf 82' lang='lat' dir='ltr'><strong>extendit</strong></span> <span class='ocrx_word' id='word_1_112' title='bbox 677 1950 702 1999; x_wconf 84' lang='lat' dir='ltr'><strong>in</strong></span> <span class='ocrx_word' id='word_1_113' title='bbox 714 1964 806 2000; x_wconf 85' lang='lat' dir='ltr'><strong>onuum</strong></span> 
     </span>
     <span class='ocr_line' id='line_1_18' title="bbox 133 2035 691 2098; baseline 0 -12"><span class='ocrx_word' id='word_1_114' title='bbox 133 2039 257 2098; x_wconf 69' lang='lat' dir='ltr'><strong>Rusticus,</strong></span> <span class='ocrx_word' id='word_1_115' title='bbox 269 2045 294 2087; x_wconf 90' lang='lat' dir='ltr'><strong>et</strong></span> <span class='ocrx_word' id='word_1_116' title='bbox 305 2051 378 2086; x_wconf 86' lang='lat' dir='ltr'><strong>curvo</strong></span> <span class='ocrx_word' id='word_1_117' title='bbox 389 2036 487 2086; x_wconf 81' lang='lat' dir='ltr'><strong>Saturni</strong></span> <span class='ocrx_word' id='word_1_118' title='bbox 498 2035 570 2096; x_wconf 75' lang='lat' dir='ltr'><strong>dente</strong></span> <span class='ocrx_word' id='word_1_119' title='bbox 581 2037 691 2086; x_wconf 86' lang='lat' dir='ltr'><strong>relictam</strong></span> 
     </span>
     <span class='ocr_line' id='line_1_19' title="bbox 136 2124 784 2188; baseline 0 -14"><span class='ocrx_word' id='word_1_120' title='bbox 136 2125 292 2188; x_wconf 80' lang='lat' dir='ltr'><strong>Persequitur</strong></span> <span class='ocrx_word' id='word_1_121' title='bbox 303 2125 375 2173; x_wconf 88' lang='lat' dir='ltr'><strong>vitem</strong></span> <span class='ocrx_word' id='word_1_122' title='bbox 387 2124 532 2184; x_wconf 86' lang='lat' dir='ltr'><strong>edtondens,</strong></span> <span class='ocrx_word' id='word_1_123' title='bbox 546 2124 661 2185; x_wconf 69' lang='lat' dir='ltr'><strong>fingique</strong></span> <span class='ocrx_word' id='word_1_124' title='bbox 670 2125 784 2188; x_wconf 76' lang='lat' dir='ltr'><strong>putando.</strong></span> 
     </span>
     <span class='ocr_line' id='line_1_20' title="bbox 134 2211 773 2274; baseline -0.002 -11"><span class='ocrx_word' id='word_1_125' title='bbox 134 2215 231 2263; x_wconf 81' lang='lat' dir='ltr'><strong>Primus</strong></span> <span class='ocrx_word' id='word_1_126' title='bbox 243 2214 347 2261; x_wconf 88' lang='lat' dir='ltr'><strong>humum</strong></span> <span class='ocrx_word' id='word_1_127' title='bbox 358 2212 446 2271; x_wconf 85' lang='lat' dir='ltr'><strong>fodito,</strong></span> <span class='ocrx_word' id='word_1_128' title='bbox 456 2211 549 2274; x_wconf 86' lang='lat' dir='ltr'><strong>primus</strong></span> <span class='ocrx_word' id='word_1_129' title='bbox 561 2211 658 2260; x_wconf 79' lang='lat' dir='ltr'><strong>devecta</strong></span> <span class='ocrx_word' id='word_1_130' title='bbox 665 2221 773 2262; x_wconf 71' lang='lat' dir='ltr'><strong>monneto</strong></span> 
     </span>
     <span class='ocr_line' id='line_1_21' title="bbox 134 2300 748 2364; baseline -0.005 -11"><span class='ocrx_word' id='word_1_131' title='bbox 134 2304 273 2362; x_wconf 76' lang='lat' dir='ltr'><strong>Sarmenta,</strong></span> <span class='ocrx_word' id='word_1_132' title='bbox 286 2310 311 2350; x_wconf 88' lang='lat' dir='ltr'><strong>et</strong></span> <span class='ocrx_word' id='word_1_133' title='bbox 320 2301 396 2350; x_wconf 90' lang='lat' dir='ltr'><strong>vallos</strong></span> <span class='ocrx_word' id='word_1_134' title='bbox 406 2300 499 2364; x_wconf 85' lang='lat' dir='ltr'><strong>primus</strong></span> <span class='ocrx_word' id='word_1_135' title='bbox 511 2301 555 2349; x_wconf 88' lang='lat' dir='ltr'><strong>sub</strong></span> <span class='ocrx_word' id='word_1_136' title='bbox 567 2307 631 2348; x_wconf 86' lang='lat' dir='ltr'><strong>tecta</strong></span> <span class='ocrx_word' id='word_1_137' title='bbox 640 2301 748 2364; x_wconf 80' lang='lat' dir='ltr'><strong>referto3</strong></span> 
     </span>
     <span class='ocr_line' id='line_1_22' title="bbox 135 2386 757 2450; baseline -0.006 -11"><span class='ocrx_word' id='word_1_138' title='bbox 135 2392 277 2439; x_wconf 75' lang='lat' dir='ltr'><strong>Postremus</strong></span> <span class='ocrx_word' id='word_1_139' title='bbox 288 2388 386 2437; x_wconf 82' lang='lat' dir='ltr'><strong>metito:</strong></span> <span class='ocrx_word' id='word_1_140' title='bbox 404 2387 441 2436; x_wconf 90' lang='lat' dir='ltr'><strong>bis</strong></span> <span class='ocrx_word' id='word_1_141' title='bbox 451 2387 540 2436; x_wconf 83' lang='lat' dir='ltr'><strong>vitibus</strong></span> <span class='ocrx_word' id='word_1_142' title='bbox 551 2386 644 2448; x_wconf 75' lang='lat' dir='ltr'><strong>ingruit</strong></span> <span class='ocrx_word' id='word_1_143' title='bbox 654 2388 757 2450; x_wconf 78' lang='lat' dir='ltr'><strong>umbrs3</strong></span> 
     </span>
     <span class='ocr_line' id='line_1_23' title="bbox 134 2475 741 2540; baseline -0.01 -12"><span class='ocrx_word' id='word_1_144' title='bbox 134 2479 177 2528; x_wconf 88' lang='lat' dir='ltr'><strong>Bis</strong></span> <span class='ocrx_word' id='word_1_145' title='bbox 188 2487 295 2540; x_wconf 79' lang='lat' dir='ltr'><strong>segetem</strong></span> <span class='ocrx_word' id='word_1_146' title='bbox 305 2477 386 2526; x_wconf 89' lang='lat' dir='ltr'><strong>densis</strong></span> <span class='ocrx_word' id='word_1_147' title='bbox 398 2477 521 2526; x_wconf 84' lang='lat' dir='ltr'><strong>obducunt</strong></span> <span class='ocrx_word' id='word_1_148' title='bbox 530 2475 638 2524; x_wconf 85' lang='lat' dir='ltr'><strong>sentibus</strong></span> <span class='ocrx_word' id='word_1_149' title='bbox 649 2475 741 2522; x_wconf 78' lang='lat' dir='ltr'><strong>herbe.</strong></span> 
     </span>
     <span class='ocr_line' id='line_1_24' title="bbox 134 2562 759 2627; baseline -0.008 -11"><span class='ocrx_word' id='word_1_150' title='bbox 134 2569 218 2616; x_wconf 89' lang='lat' dir='ltr'><strong>Durus</strong></span> <span class='ocrx_word' id='word_1_151' title='bbox 228 2573 332 2627; x_wconf 86' lang='lat' dir='ltr'><strong>uterque</strong></span> <span class='ocrx_word' id='word_1_152' title='bbox 342 2566 419 2613; x_wconf 78' lang='lat' dir='ltr'><strong>labor.</strong></span> <span class='ocrx_word' id='word_1_153' title='bbox 453 2564 560 2612; x_wconf 81' lang='lat' dir='ltr'><strong>Laudato</strong></span> <span class='ocrx_word' id='word_1_154' title='bbox 570 2562 677 2624; x_wconf 78' lang='lat' dir='ltr'><strong>ingentia</strong></span> <span class='ocrx_word' id='word_1_155' title='bbox 687 2575 759 2611; x_wconf 82' lang='lat' dir='ltr'><strong>rura:</strong></span> 
     </span>
     <span class='ocr_line' id='line_1_25' title="bbox 134 2651 751 2716; baseline -0.003 -12"><span class='ocrx_word' id='word_1_156' title='bbox 134 2655 259 2716; x_wconf 74' lang='lat' dir='ltr'><strong>Exiguum</strong></span> <span class='ocrx_word' id='word_1_157' title='bbox 270 2653 352 2702; x_wconf 89' lang='lat' dir='ltr'><strong>colito.</strong></span> <span class='ocrx_word' id='word_1_158' title='bbox 386 2655 437 2702; x_wconf 87' lang='lat' dir='ltr'><strong>Nec</strong></span> <span class='ocrx_word' id='word_1_159' title='bbox 448 2667 498 2702; x_wconf 89' lang='lat' dir='ltr'><strong>non</strong></span> <span class='ocrx_word' id='word_1_160' title='bbox 509 2651 581 2702; x_wconf 87' lang='lat' dir='ltr'><strong>etiam</strong></span> <span class='ocrx_word' id='word_1_161' title='bbox 592 2665 677 2714; x_wconf 81' lang='lat' dir='ltr'><strong>aspere</strong></span> <span class='ocrx_word' id='word_1_162' title='bbox 686 2651 751 2702; x_wconf 83' lang='lat' dir='ltr'><strong>rusci</strong></span> 
     </span>
     <span class='ocr_line' id='line_1_26' title="bbox 133 2739 715 2805; baseline -0.005 -14"><span class='ocrx_word' id='word_1_163' title='bbox 133 2743 234 2792; x_wconf 75' lang='lat' dir='ltr'><strong>Vimine</strong></span> <span class='ocrx_word' id='word_1_164' title='bbox 243 2756 287 2805; x_wconf 85' lang='lat' dir='ltr'><strong>per</strong></span> <span class='ocrx_word' id='word_1_165' title='bbox 297 2741 392 2800; x_wconf 80' lang='lat' dir='ltr'><strong>silvam,</strong></span> <span class='ocrx_word' id='word_1_166' title='bbox 403 2748 428 2790; x_wconf 89' lang='lat' dir='ltr'><strong>et</strong></span> <span class='ocrx_word' id='word_1_167' title='bbox 438 2739 497 2803; x_wconf 85' lang='lat' dir='ltr'><strong>ripis</strong></span> <span class='ocrx_word' id='word_1_168' title='bbox 508 2739 611 2792; x_wconf 77' lang='lat' dir='ltr'><strong>fluvialis</strong></span> <span class='ocrx_word' id='word_1_169' title='bbox 622 2740 715 2790; x_wconf 82' lang='lat' dir='ltr'><strong>arundo</strong></span> 
     </span>
     <span class='ocr_line' id='line_1_27' title="bbox 138 2827 677 2892; baseline -0.006 -12"><span class='ocrx_word' id='word_1_170' title='bbox 138 2831 257 2890; x_wconf 74' lang='lat' dir='ltr'><strong>Ceditur,</strong></span> <span class='ocrx_word' id='word_1_171' title='bbox 269 2829 402 2892; x_wconf 82' lang='lat' dir='ltr'><strong>incultique</strong></span> <span class='ocrx_word' id='word_1_172' title='bbox 413 2837 512 2878; x_wconf 85' lang='lat' dir='ltr'><strong>exercet</strong></span> <span class='ocrx_word' id='word_1_173' title='bbox 521 2843 580 2878; x_wconf 80' lang='lat' dir='ltr'><strong>cure</strong></span> <span class='ocrx_word' id='word_1_174' title='bbox 591 2827 677 2878; x_wconf 83' lang='lat' dir='ltr'><strong>salicti.</strong></span> 
     </span>
     <span class='ocr_line' id='line_1_28' title="bbox 135 2918 800 2981; baseline -0.008 -12"><span class='ocrx_word' id='word_1_175' title='bbox 135 2921 151 2970; x_wconf 84' lang='lat' dir='ltr'>J</span> <span class='ocrx_word' id='word_1_176' title='bbox 154 2934 193 2968; x_wconf 79' lang='lat' dir='ltr'><strong>em</strong></span> <span class='ocrx_word' id='word_1_177' title='bbox 205 2919 294 2968; x_wconf 70' lang='lat' dir='ltr'><strong>vincte</strong></span> <span class='ocrx_word' id='word_1_178' title='bbox 303 2918 380 2981; x_wconf 77' lang='lat' dir='ltr'><strong>vites3</strong></span> <span class='ocrx_word' id='word_1_179' title='bbox 395 2921 446 2980; x_wconf 80' lang='lat' dir='ltr'><strong>jem</strong></span> <span class='ocrx_word' id='word_1_180' title='bbox 458 2919 544 2968; x_wconf 81' lang='lat' dir='ltr'><strong>falcem</strong></span> <span class='ocrx_word' id='word_1_181' title='bbox 555 2919 653 2966; x_wconf 75' lang='lat' dir='ltr'><strong>arbusta</strong></span> <span class='ocrx_word' id='word_1_182' title='bbox 663 2924 800 2980; x_wconf 77' lang='lat' dir='ltr'><strong>reponunt3</strong></span> 
     </span>
     <span class='ocr_line' id='line_1_29' title="bbox 137 3005 694 3057; baseline -0.007 -1"><span class='ocrx_word' id='word_1_183' title='bbox 137 3008 196 3057; x_wconf 85' lang='lat' dir='ltr'><strong>Jam</strong></span> <span class='ocrx_word' id='word_1_184' title='bbox 207 3007 272 3056; x_wconf 78' lang='lat' dir='ltr'><strong>canit</strong></span> <span class='ocrx_word' id='word_1_185' title='bbox 283 3014 405 3056; x_wconf 85' lang='lat' dir='ltr'><strong>extremos</strong></span> <span class='ocrx_word' id='word_1_186' title='bbox 416 3007 501 3056; x_wconf 81' lang='lat' dir='ltr'><strong>eliense</strong></span> <span class='ocrx_word' id='word_1_187' title='bbox 512 3005 601 3055; x_wconf 76' lang='lat' dir='ltr'><strong>vinitor</strong></span> <span class='ocrx_word' id='word_1_188' title='bbox 611 3011 694 3056; x_wconf 66' lang='lat' dir='ltr'><strong>eumer</strong></span> 
     </span>
     <span class='ocr_line' id='line_1_30' title="bbox 139 3091 777 3158; baseline -0.008 -14"><span class='ocrx_word' id='word_1_189' title='bbox 139 3093 298 3144; x_wconf 76' lang='lat' dir='ltr'><strong>Sollicitando</strong></span> <span class='ocrx_word' id='word_1_190' title='bbox 308 3102 389 3144; x_wconf 81' lang='lat' dir='ltr'><strong>tamen</strong></span> <span class='ocrx_word' id='word_1_191' title='bbox 400 3095 482 3154; x_wconf 83' lang='lat' dir='ltr'><strong>tellus,</strong></span> <span class='ocrx_word' id='word_1_192' title='bbox 492 3094 618 3158; x_wconf 71' lang='lat' dir='ltr'><strong>plurisque</strong></span> <span class='ocrx_word' id='word_1_193' title='bbox 629 3091 760 3145; x_wconf 84' lang='lat' dir='ltr'><strong>movendus</strong></span> <span class='ocrx_word' id='word_1_194' title='bbox 766 3111 777 3155; x_wconf 82' lang='lat'>3</span> 
     </span>
    </p>
   </div>
   <div class='ocr_carea' id='block_1_3' title="bbox 0 0 1174 3734">
    <p class='ocr_par' dir='ltr' id='par_1_4' title="bbox 0 0 1174 3734">
     <span class='ocr_line' id='line_1_31' title="bbox 0 0 1174 3734; baseline 0 0"><span class='ocrx_word' id='word_1_195' title='bbox 0 0 1174 3734; x_wconf 95' lang='lat' dir='ltr'><strong> </strong></span> 
     </span>
    </p>
   </div>
  </div>
 </body>
</html>
