2334 3734
399 545 557 596 AENEIDOS
575 547 638 597 LlB.
655 548 698 597 vl.
905 550 952 599 est

145 674 263 725 Excisum
274 674 388 725 Euboicus
399 675 463 724 letus
474 674 560 738 ingens
571 676 639 740 rupis
650 676 676 726 in
686 685 798 727 anuum:

146 770 202 823 Quo
213 768 258 817 lati
268 768 361 816 ducunt
370 766 450 817 aditus
458 775 566 828 eentum,
578 768 642 817 ostis
649 776 763 832 eentum3

147 859 219 909 Unde
230 866 305 908 ruunt
316 858 418 907 totidem
429 872 511 919 voces,
520 871 639 922 response
649 860 757 924 sioyuae.

146 951 253 999 Ventum
265 957 318 999 erut
327 948 358 997 ud
369 948 445 997 limen
449 984 457 1009 ‚
469 963 545 1011 quum
556 948 635 1011 virgo,
648 950 751 999 Poscere
762 950 813 999 fetu

147 1042 265 1103 Tempus,
276 1039 324 1088 eit:
343 1040 413 1099 deus,
425 1052 490 1100 eeoe,
503 1039 571 1089 deus.
606 1039 652 1090 Cui
663 1040 723 1089 talia
733 1040 795 1090 fenti
876 1052 882 1061 ·

147 1129 300 1190 spretores,
313 1129 393 1178 subito
404 1143 455 1178 nou
467 1130 559 1189 voltus,
571 1144 622 1178 uon
634 1130 705 1178 eolor
715 1144 789 1191 uuus,

151 1220 207 1268 Nou
221 1226 308 1268 comte
319 1232 431 1268 mansere
441 1233 535 1281 eomae3
553 1218 596 1267 sed
607 1227 690 1282 pectus
701 1219 827 1281 anhelum,

151 1310 184 1358 Et
194 1308 261 1357 rabie
269 1309 322 1357 feru
332 1308 406 1357 corda
417 1315 530 1371 tumeut3
548 1309 674 1370 majorque
683 1307 771 1369 videri,

151 1401 203 1449 Nee
215 1400 318 1449 mortale
328 1413 434 1462 sonans3
452 1398 541 1448 adflate
552 1406 590 1448 est
600 1399 701 1447 numine
712 1398 808 1460 quondo

147 1490 204 1538 Jum
216 1487 329 1551 propiore
338 1487 388 1537 dei.
423 1488 509 1537 Cessas
520 1487 546 1536 in
557 1495 615 1537 rote
625 1502 766 1552 proeesque,

144 1580 220 1638 Tros,
231 1577 275 1639 uit,
286 1578 384 1627 AEnee?
402 1591 482 1627 eesses
493 1580 503 1626 ἓ
522 1577 679 1640 nequeenim
690 1586 747 1627 ante
758 1578 884 1629 dehlsoeut

148 1667 273 1718 Adtonitae
284 1682 424 1730 magnaura
434 1668 530 1734 domus.
563 1668 598 1717 Et
607 1667 668 1717 talis
677 1668 729 1717 fate

151 1760 284 1810 Conticuit.
317 1760 418 1810 Gelidus
429 1760 531 1811 Teucris
542 1760 658 1824 perdura
668 1760 777 1810 cucurrit

148 1850 212 1901 Osse
223 1856 325 1911 tremor,
336 1850 463 1913 funditque
474 1864 557 1913 preces
568 1863 613 1899 rex
621 1857 719 1914 pectore
729 1852 761 1900 ab
771 1850 839 1900 imo:

185 1940 286 1999 Phoebe,
298 1939 377 2001 gravis
388 1940 470 2000 'droise
481 1935 577 2003 semper
589 1939 702 1989 miserate
714 1939 821 2001 labores,

152 2030 266 2080 Derdaus
277 2029 319 2093 qui
331 2029 425 2079 Paridis
437 2029 526 2079 direxti
538 2032 588 2079 tels
599 2045 734 2093 munusque

153 2122 247 2185 Corpus
258 2120 284 2169 in
295 2120 418 2183 AEueidre3
436 2134 535 2181 maguus
545 2120 663 2169 obeuntia
673 2128 751 2170 terras

151 2212 203 2259 Tot
212 2209 290 2259 muria
299 2208 399 2271 iun-evi,
411 2209 471 2258 duce
481 2216 516 2269 te,
529 2209 675 2272 penitusque
685 2216 794 2273 repostas

153 2300 288 2363 Massylum
298 2299 387 2361 gentis,
398 2306 563 2363 protentaque
573 2297 685 2361 Syrtibus
696 2310 768 2360 επις

151 2393 167 2441 J
169 2404 208 2439 am
221 2389 319 2439 taudem
331 2390 408 2439 ituliae
420 2389 534 2451 fugiende
545 2387 688 2452 prendimus
699 2401 764 2437 ores.

153 2480 205 2527 Huc
214 2479 322 2539 Trojeuu
332 2486 403 2527 tenus
415 2478 491 2527 fuerit
502 2478 611 2526 Fortuna
627 2483 717 2526 secute

153 2569 204 2617 vus
216 2570 462 2631 quoquePergumeae
469 2570 522 2630 J'em
534 2570 571 2617 fus
582 2576 621 2617 est
630 2580 729 2631 parcere
739 2565 816 2629 genti,
920 2613 924 2619 .

155 2657 234 2721 Dique
243 2658 341 2721 deeque
350 2672 448 2719 omnes,
460 2658 548 2721 quibus
560 2658 656 2707 obstitit
667 2658 741 2707 ilium
752 2665 778 2707 et
787 2656 873 2720 ingens

154 2749 241 2800 Gloria
251 2750 388 2801 Dardaniae.
421 2754 518 2815 Tuque,
529 2767 545 2801 o
556 2751 711 2801 sanctissime
721 2759 797 2813 estes,

154 2840 259 2890 Praescis
269 2841 375 2903 uenturi,
383 2842 424 2903 dn,
436 2856 487 2891 uon
498 2840 607 2891 indebita
617 2857 692 2906 poseo

155 2932 240 2991 segne
250 2930 311 2979 meis
323 2928 390 2991 fetis,
402 2929 471 2979 butio
482 2930 610 2980 considere
621 2931 742 2990 Teucros,

156 3018 316 3082 Erruutisque
327 3020 397 3081 deos,
409 3019 544 3083 sgitutnque
555 3019 658 3070 numine
668 3020 758 3081 troje.

155 3111 222 3159 Tum
234 3109 328 3158 Phoebo
336 3116 362 3159 et
371 3108 461 3167 'triuio
471 3108 551 3159 solido
562 3110 593 3155 de
603 3122 727 3155 msrmme
737 3110 867 3164 temptum,
929 3096 934 3101 ’

158 3196 289 3269 Institeram
300 3194 424 3257 festosque
433 3193 486 3244 dies
497 3194 527 3243 de
537 3194 639 3243 nomine
650 3191 745 3242 Puoebt.
