2334 3734
419 544 577 597 minos
595 545 658 595 LIB.
676 547 718 596 lv.
924 543 971 594 217

167 672 240 722 Hand
251 687 320 724 secus
331 671 439 724 adsiduis
449 675 509 725 binc
519 684 593 739 atqie
604 675 662 726 binc
673 675 771 726 vocibus
782 675 855 725 beros

164 763 298 825 'lunellum
309 772 335 813 et
344 779 433 827 magno
444 765 563 829 persentit
574 774 672 828 pectore
682 779 762 815 cures

163 854 237 902 Mens
249 853 344 903 inmota
354 862 453 917 menet3
470 855 578 904 lacrimae
589 856 720 904 volvuntur
731 855 824 904 inanes.

195 945 262 994 ‘l'urn
272 958 331 994 veru
342 944 430 994 infelix
439 944 497 994 fatis
507 945 625 994 exterrita
634 944 699 994 Dido

164 1035 273 1083 Mortem
283 1025 353 1097 nrat3
370 1033 445 1084 mdes
454 1034 512 1084 coeli
522 1050 632 1085 convexa
642 1035 714 1085 tueri.

164 1125 220 1179 Quo
232 1123 309 1186 magis
319 1124 442 1188 inceptum
453 1133 562 1190 peraget,
574 1128 703 1189 lucemque
714 1126 846 1188 relinquet,

161 1213 240 1275 Vidit,
252 1214 391 1264 turicremis
403 1228 479 1277 quum
490 1214 556 1264 done
566 1215 695 1279 inponeret
705 1215 765 1276 aris,

165 1304 337 1368 (lion-endum
348 1304 425 1367 dictu)
440 1305 524 1354 latices
537 1304 673 1366 nigrescere
683 1319 777 1366 sacros,

162 1395 273 1457 Fissaque
284 1394 310 1444 ln
321 1396 454 1445 obscenum
465 1402 598 1444 revertere
609 1393 666 1442 vinu
675 1407 798 1444 cruorem.

164 1486 218 1534 Hoc
228 1485 308 1535 risum
320 1485 394 1547 nulli,
407 1500 457 1534 nnn
468 1485 515 1548 ipsi
525 1485 598 1534 effatu
609 1484 698 1533 sorori.

163 1577 286 1626 Praereree
296 1576 344 1625 fuir
355 1576 381 1625 in
393 1575 464 1625 tectis
476 1576 507 1626 de
519 1589 643 1625 marmore
654 1575 774 1638 templum

164 1665 281 1727 Coniugis
292 1665 401 1727 untiqui-
410 1665 474 1714 miro
485 1665 552 1728 quod
562 1666 658 1714 honore
668 1665 774 1724 colebat,

162 1754 299 1804 Velleribus
311 1754 387 1804 niveis
398 1762 424 1804 et
433 1756 496 1805 festu
507 1755 595 1804 fronde
605 1753 756 1804 revinctum:

164 1845 229 1894 Hinc
240 1843 351 1894 exaudiri
364 1859 434 1894 voces
445 1852 470 1894 et
480 1846 554 1894 verbu
567 1844 676 1894 recentis

161 1934 220 1986 Vise
229 1935 286 1997 riri,
298 1950 348 1985 nox
360 1951 435 1999 quum
447 1944 525 1986 terras
537 1937 642 1986 obscura
652 1941 764 1996 teneret;

163 2023 269 2089 Solaque
278 2025 427 2076 culminibus
438 2026 510 2075 ferali
517 2026 627 2076 carmine
638 2027 704 2076 bubo

162 2106 232 2181 Seue
240 2117 321 2180 queri,
329 2125 355 2167 et
364 2118 450 2178 longus
460 2116 487 2165 in
499 2115 584 2165 fletum
595 2116 684 2164 ducere
694 2127 773 2164 voees.

162 2209 291 2270 Multaque
300 2215 418 2272 preterea
428 2212 512 2255 ratmn
522 2205 638 2268 predicte
647 2186 745 2266 plorum

162 2295 279 2346 Terribili
291 2296 388 2346 monim
398 2293 551 2344 horrificant.
583 2291 643 2354 Agit
653 2292 704 2356 ipse
715 2292 838 2340 furentem

162 2388 191 2434 ln
203 2383 296 2435 somnis
306 2385 374 2434 ferus
384 2385 477 2434 AEnees
487 2403 495 2446 3
513 2394 657 2446 semperque
667 2379 774 2442 relinqui

162 2477 221 2526 Solu
232 2475 289 2537 sibi,
302 2489 398 2539 semper
409 2476 507 2536 longam
520 2473 663 2523 incomitata
673 2469 768 2520 vident

162 2566 202 2614 lre
212 2565 288 2625 rium,
300 2573 326 2614 et
335 2564 423 2628 'lbrios
434 2564 532 2614 deserta
541 2575 650 2625 querere
660 2567 734 2610 berra,

162 2655 327 2704 Eumenidum
337 2654 413 2704 rdnti
424 2654 525 2703 demens
536 2653 603 2701 videt
610 2651 707 2713 agmine
715 2649 848 2708 Pentheus,

161 2745 196 2793 Et
205 2746 283 2794 solem
294 2745 430 2806 geminum,
441 2751 467 2792 et
477 2743 581 2806 ‹lupliels
593 2757 618 2792 se
629 2741 758 2792 ostendere
769 2740 885 2800 Thebes3

161 2837 214 2884 Aut
223 2834 432 2897 Agamemnonius
443 2834 522 2883 scenis
533 2833 636 2894 agitatus
650 2832 750 2881 Orestes
761 2849 767 2879 z

162 2926 291 2974 Armalm
302 2924 395 2974 facibus
406 2930 510 2973 matrem
521 2931 547 2971 et
556 2921 709 2986 serpentibus
720 2919 779 2968 atris

163 3016 247 3070 Quum
258 3014 330 3076 fugit,
341 3012 489 3075 ultricesque
500 3013 586 3061 sedent
596 3011 622 3059 in
635 3009 720 3058 limine
731 3009 806 3058 Dira.

194 3106 272 3166 Ergo,
284 3093 327 3152 nbi
338 3103 449 3166 concepit
460 3088 546 3152 Furias
556 3101 635 3150 evicta
645 3100 741 3159 delore,

164 3195 323 3258 Decrevitque
333 3193 408 3256 mori,
419 3201 516 3258 tenipus
527 3205 611 3242 secum
622 3192 675 3254 ipsa
686 3189 833 3252 modumque
