2334 3734
395 530 552 581 AENEIDOS
569 532 633 581 unt.
649 534 694 583 XI.
896 536 945 585 tlt

62 647 67 655 “
146 654 295 718 Supplicisi)
309 665 335 707 et
345 659 457 721 scopulos
468 658 603 709 lacrimosis
614 660 714 711 vocibus
725 662 831 726 inplent.-

148 746 206 793 Haec
218 745 278 794 adeo
289 759 321 794 ex
332 746 376 795 illo
388 748 449 797 mihi
457 750 509 809 jam
521 749 639 812 speranda
647 750 748 799 tirerunt

146 834 279 896 Tempore,
290 850 347 883 cum
357 836 423 885 ferro
435 837 542 886 coelestia
552 851 656 900 corpora
667 837 766 887 demens

127 976 128 981 ¹
147 921 254 984 Adpetii‚
265 931 290 971 et
300 924 402 973 Veneris
410 924 497 973 violavi
507 927 607 974 uolnere
618 925 739 976 dextrarii.

148 1011 186 1058 Ne
194 1023 263 1071 vero,
275 1025 306 1059 ne
318 1026 357 1059 me
369 1012 399 1059 ud
410 1014 471 1061 tales
483 1012 594 1075 inpellite
605 1027 706 1075 pugnas.

138 1081 202 1147 'Nec
214 1098 274 1147 mihi
285 1114 341 1149 curn
352 1100 453 1149 Teucris
464 1101 544 1150 ullum
556 1108 613 1163 post
623 1108 692 1149 eruta
703 1101 795 1149 bellum

148 1189 279 1251 Pergama3
297 1203 341 1238 uec
354 1197 465 1238 veterum
476 1188 579 1239 memini
591 1190 691 1237 iaetom
702 1189 833 1238 malorum.

149 1281 263 1339 Munera,
276 1294 329 1341 quae
340 1278 423 1342 patriis
436 1278 466 1327 ad
478 1293 517 1327 me
528 1278 630 1341 portatis
638 1278 669 1326 ab
680 1277 740 1337 oris,

148 1366 241 1416 Vertite
253 1368 283 1415 sd
294 1368 398 1417 AEnean.
432 1366 550 1417 Stetimus
562 1366 613 1415 tela
623 1380 707 1428 aspera
717 1372 813 1425 contra,

150 1454 352 1517 Contulimusque
364 1468 465 1505 manus:
484 1462 586 1517 experto
597 1454 698 1514 credite,
710 1460 815 1515 quantus

151 1546 181 1593 In
192 1543 296 1605 clipeum
309 1544 432 1604 adsurgat,
442 1558 490 1606 quo
498 1544 597 1592 turbine
606 1550 719 1604 torqueat
729 1542 832 1592 hastam.

149 1631 177 1681 Si
188 1632 237 1680 duo
248 1640 367 1695 praeterea
377 1633 437 1681 tales
450 1633 514 1683 Idea
524 1632 621 1682 tulisset

149 1722 226 1771 Terre
238 1722 313 1782 viros,
325 1724 390 1771 ultro
403 1722 514 1773 Inachius
526 1722 633 1773 venisset
646 1721 677 1771 ad
687 1723 759 1771 urbes

151 1807 290 1868 Dardanus,
302 1816 327 1857 et
337 1810 412 1859 versis
423 1811 517 1871 lugeret
527 1810 622 1859 Graecia
631 1809 696 1859 fatis.

150 1898 272 1959 Quidquid
284 1898 348 1961 apud
358 1898 424 1947 durae
436 1907 555 1948 cessatum
569 1907 608 1948 est
619 1898 711 1948 moenia
721 1899 813 1959 Trois,

151 1986 261 2035 Hectoris
272 1987 402 2049 AEneaeque
414 2002 488 2036 manu
501 1988 605 2037 victoria
615 1987 717 2037 Graium

152 2074 238 2133 Haesit,
250 2073 309 2121 etin
322 2074 452 2123 decumum
464 2074 564 2135 vestigia
574 2077 660 2123 retulit
671 2090 772 2124 annum.

150 2162 230 2210 Ambo
241 2160 340 2219 animis,
352 2162 427 2209 ambo
436 2160 544 2221 insignes
555 2163 725 2223 praestantibus
736 2160 827 2210 armis:

152 2248 199 2297 Hic
210 2248 297 2311 pictate
309 2247 384 2309 prior.
419 2248 517 2300 Coeant,
524 2246 549 2295 in
561 2246 654 2296 imdera
664 2247 767 2307 derue,

154 2339 208 2392 Qua
219 2337 306 2397 datur3
325 2342 372 2395 ast,
384 2334 458 2382 armis
469 2342 618 2383 concurrant
628 2348 707 2395 mma,
718 2342 808 2384 cavete.

153 2427 186 2475 Et
197 2439 313 2488 responsa
324 2425 397 2473 simul
409 2439 462 2485 quae
471 2423 531 2483 siut,
543 2437 588 2471 rex
599 2430 709 2485 optume,
721 2423 784 2485 regis

154 2513 261 2580 Audisti,
272 2521 298 2561 et
308 2528 361 2575 quae
372 2512 404 2561 sit
419 2525 507 2572 magno
519 2510 640 2560 sententia
649 2512 723 2560 bello.

186 2601 236 2650 Vax
247 2615 276 2651 es
285 2601 357 2662 iegati
368 2620 376 2663 ;
393 2598 521 2661 variusque
531 2582 575 2661 'per
586 2612 630 2647 ora
642 2598 751 2647 cucurrit

156 2690 308 2740 Ausonidum
319 2692 416 2739 turbata
426 2690 530 2738 fremor:
548 2703 604 2749 ceu,
616 2702 674 2737 saxa
685 2695 811 2737 morantur

67 2826 70 2831 ,
157 2781 220 2829 Cum
232 2778 328 2841 rapidos
340 2779 428 2840 amnis,
448 2780 476 2828 fit
485 2779 568 2827 clauso
579 2777 672 2839 gurgite
683 2790 805 2835 murmur,

157 2868 294 2930 vicinusque
305 2868 413 2916 fremunt
424 2866 482 2930 ripa
492 2866 665 2931 crepitantibus
678 2864 761 2914 undIs.

158 2956 194 3007 Ut
204 2954 311 3019 primum
321 2954 408 3017 placati
419 2955 505 3015 animi,
517 2963 541 3004 et
551 2955 646 3017 trepida
656 2969 701 3005 ora
710 2954 835 3017 quierunt,

53 3036 58 3043 ⁸
159 3046 278 3096 Praeistus
287 3044 356 3095 divos
366 3043 429 3092 solio
440 3058 484 3092 rex
494 3045 549 3093 infit
559 3046 589 3093 ab
601 3046 666 3094 aito:

194 3120 259 3186 Ante
269 3132 381 3196 equidem
392 3146 488 3182 summa
498 3132 529 3182 ds
539 3147 566 3181 re
576 3132 698 3193 statuisse,
710 3130 800 3192 Latini,
