2334 3734
57 2086 63 2114 i

106 584 116 592 μ
206 525 255 576 340
429 525 458 571 P.
474 520 612 570 vtafllnn
636 520 791 570 MARONIS

210 652 237 702 Si
248 652 340 702 bellum
350 652 491 719 insudarem
506 649 673 712 Volcaniaque
682 662 751 698 arma
760 663 802 712 per
814 662 887 700 aurat

210 745 325 793 daturam
334 743 438 792 auxilio.

214 834 270 881 ileu
278 840 376 894 quante
385 829 482 880 miseris
493 830 570 879 eudes
580 828 744 878 Laurentibus
754 829 860 878 instant!

213 922 280 974 Quas
290 934 374 984 poeuas
386 919 459 980 mihi,
468 921 564 980 turne,
574 918 643 968 dabis
653 921 660 967 !
678 931 751 981 quam
759 919 838 967 multa
847 920 893 968 sub
903 919 983 968 undas

214 1011 289 1058 Scuta
297 1009 378 1057 virum
387 1009 515 1070 galeasque
524 1015 550 1056 et
560 1007 635 1056 fortia
644 1021 748 1069 corpora
758 1007 850 1068 volves,

151 1098 155 1106 “
215 1097 308 1164 Thybri
319 1103 408 1164 pater!
437 1097 626 1158 Poamntaeies,
637 1095 764 1146 etfoedera
773 1105 899 1160 mmpaat.

249 1190 361 1240 Haeeubi
372 1189 524 1249 diotadedit‚
534 1187 599 1236 solio
610 1187 832 1252 setollitahalto3

133 1282 141 1292 “
216 1279 248 1326 Et
258 1278 366 1341 primum
376 1278 504 1327 Herculeis
513 1273 604 1340 sopitas
615 1275 711 1338 ignibus
721 1289 775 1326 aras

130 1411 135 1421 ,
218 1365 316 1416 Excitat
326 1368 516 1428 hesternumque
526 1367 625 1426 Mrem,
635 1379 769 1428 parvosque
780 1365 877 1416 Penatis

219 1456 300 1506 Latus
310 1455 380 1517 adit;
397 1462 506 1504 mactant
514 1455 589 1503 lectus
599 1454 630 1503 de
640 1468 709 1504 more
719 1453 826 1506 bidentis

219 1543 345 1592 Evandrus
355 1544 458 1610 pariter,
468 1543 559 1605 pariter
569 1545 678 1604 ‘l'roJana
684 1545 809 1603 juventus.

219 1619 278 1682 eost
288 1633 346 1682 mc
356 1633 388 1682 au
398 1632 466 1682 aava
476 1632 595 1694 gemm,
606 1631 731 1694 socioque
742 1631 842 1682 reaia

221 1723 334 1777 Quorum
344 1722 375 1770 de
386 1735 500 1782 numero,
511 1719 554 1784 qui
564 1735 618 1769 sese
628 1719 655 1769 in
665 1721 731 1769 bella
739 1729 884 1784 sequantur,

223 1792 362 1860 emuna
372 1811 462 1860 virute
472 1809 531 1872 legit
541 1830 550 1872 ;
566 1823 622 1874 pm
633 1817 714 1858 oetera
721 1811 799 1874 prena

223 1899 309 1947 Fertur
320 1913 392 1960 aqua,
403 1898 530 1961 segnisque
539 1899 647 1947 seeundo
658 1898 743 1948 defluit
753 1900 830 1962 amni,

140 2047 144 2052 ξ
226 1987 320 2036 Nuntia
329 1995 433 2036 ventura
441 1986 549 2036 Ascanio
559 2001 690 2050 rerumque
699 1987 831 2052 patrisque.

222 2079 321 2124 -Dautur
330 2076 386 2138 equi
396 2076 498 2124 Teucris
503 2077 632 2140 tyrrhena
642 2077 779 2140 petentibus
789 2091 863 2141 arva3

225 2167 325 2216 Ducunt
335 2173 459 2214 exsortem
467 2166 553 2216 AEueoe
564 2185 573 2227 ;
584 2180 657 2228 quem
668 2167 735 2215 fulva
743 2167 822 2218 leonis

227 2254 301 2303 Pellis
311 2254 364 2304 obit
373 2262 464 2315 totum,
474 2255 620 2318 praefulgens
631 2253 851 2316 unguibusaureis.

260 2345 335 2392 Fama
344 2345 411 2392 volat
421 2357 520 2408 parvam
530 2342 611 2391 subito
622 2343 719 2404 volgata
729 2357 772 2405 per
783 2345 883 2404 urbem,

229 2433 304 2482 Ocius
314 2433 351 2482 ire
362 2433 456 2495 equites
466 2432 589 2496 'lynhem
600 2432 631 2481 ad
642 2429 729 2482 limina
739 2432 810 2494 regis.

228 2525 291 2571 Vota
303 2530 370 2572 metu
380 2522 506 2585 duplicant
515 2530 616 2582 matres,
628 2521 779 2586 propiusque
783 2523 875 2586 periclo

229 2612 253 2658 lt
263 2609 348 2670 timor,
359 2618 385 2658 et
395 2612 473 2670 map'or
483 2611 572 2659 Martis
579 2613 632 2670 jam
643 2611 743 2674 adparet
751 2610 839 2673 imago.

231 2699 296 2746 Tum
306 2704 374 2762 pater
383 2697 521 2757 Evandrus,
532 2697 645 2748 dextram
655 2701 789 2763 conplexus
799 2700 891 2764 euntis,

231 2790 324 2849 tieret,
335 2787 485 2852 inexpletum
495 2789 638 2852 lacrimans,
648 2805 677 2840 ac
688 2792 747 2842 talia
757 2792 836 2844 fatum:

232 2881 255 2928 0
267 2879 329 2929 mihi
339 2879 474 2942 prseteritos
485 2882 576 2928 referat
584 2881 606 2929 si
616 2881 730 2944 iuppiter
740 2897 817 2932 anuos
829 2885 835 2931 !

232 2967 318 3023 Qualis
328 2983 406 3030 eram,
418 2984 494 3032 quum
503 2970 607 3034 primam
618 2969 694 3020 aciem
707 2973 829 3022 Praeneste
840 2973 885 3020 sub
894 2971 946 3035 ipsa

232 3055 311 3105 stravi
322 3064 494 3120 scutorumque
504 3057 601 3107 incendi
613 3058 690 3108 vietor
702 3073 816 3122 aeervos;

234 3143 267 3189 Et
278 3155 359 3204 regem
368 3145 413 3193 huc
427 3147 539 3209 Herilum
549 3146 637 3200 dextra
644 3148 690 3198 sub
701 3150 803 3200 Tartara
813 3149 887 3213 misi;
