2334 3734
428 534 584 606 munrnos
602 558 664 608 nnn.
680 557 723 609 vt.
924 565 971 613 279

175 677 224 728 Sed
234 693 273 728 me
284 692 358 743 quum
371 680 432 732 luein
445 686 535 734 Hemte
545 686 654 748 praefecit
663 686 778 748 Avennio,

178 770 235 831 lpaa
244 769 316 818 deum
327 786 410 833 poenne
420 773 513 835 docuit,
525 790 616 838 perque
627 777 710 825 omnia
721 777 798 826 duxit.

174 853 280 902 Gnoeim
290 855 341 904 inec
352 856 549 907 Rhadamanthus
560 860 634 908 habet
643 859 773 910 durissime
784 837 867 924 regna,

176 941 329 1007 Castigatque
339 946 453 1008 auditque
464 948 534 997 dolon
544 968 552 1009 ;
570 948 706 1011 subigitque
717 950 798 1011 fateri,

176 1032 236 1085 Qua
247 1032 300 1094 quin
311 1034 375 1095 apud
386 1049 496 1099 nuperos,
507 1037 573 1084 furto
584 1037 680 1098 laetatun
691 1037 769 1098 inani,

174 1102 276 1169 Dinmlit
285 1122 311 1170 in
322 1137 401 1172 aeram
412 1125 534 1174 oonmiena
544 1126 640 1188 piaerda
651 1133 763 1176 mortem.

172 1208 296 1260 Continuo
303 1213 381 1263 nontin
391 1214 468 1264 ultrix
478 1215 588 1264 adcincta
599 1216 694 1276 flagello

171 1297 305 1361 'liniphone
315 1302 393 1362 quatit
403 1301 533 1363 imultana,
544 1311 675 1364 torvosque
686 1301 783 1353 sinistra

174 1388 300 1437 intentans
311 1390 406 1451 augurio,
418 1399 489 1440 vocat
498 1391 595 1452 agmina
606 1406 668 1440 aeva
678 1406 799 1442 sororum.

172 1476 237 1524 Tum
248 1475 345 1526 demum
355 1479 486 1528 horrisono
496 1479 627 1528 euidentes
637 1481 735 1530 nardino
747 1495 819 1531 sacra

172 1565 315 1614 Panduntur
325 1575 408 1630 portu.
443 1567 539 1627 cerum,
549 1568 660 1616 mutodia
667 1567 746 1630 qualia

171 1652 298 1702 vestibulo
309 1655 406 1704 aedem?
425 1656 498 1705 facien
508 1671 563 1718 quae
574 1655 661 1705 limina
672 1659 769 1706 servet?

172 1741 352 1804 Quinquaginta
363 1745 422 1793 atria
433 1745 538 1794 inmania
550 1746 656 1795 hiatibus
668 1746 751 1809 Hydra
816 1800 819 1805 ,

171 1830 262 1879 Saevior
273 1831 338 1882 intuo
349 1833 422 1882 habet
429 1833 518 1883 aedem.
550 1836 615 1884 Tum
626 1837 743 1892 Tartaron
752 1834 803 1898 ipse

170 1917 213 1967 Bia
224 1927 289 1982 patet
297 1919 322 1968 ln
333 1936 438 1985 praeoepo
449 1929 555 1982 tantum,
567 1923 690 1985 tenditque
701 1924 746 1971 nub
757 1923 866 1983 umbrae,

170 2009 281 2062 Quantus
294 2008 324 2058 ad
335 2011 461 2059 etherium
473 2012 529 2060 coell
541 2019 665 2074 suspectus
676 2013 816 2076 Olympum.

169 2095 216 2144 Hic
226 2110 301 2156 genua
311 2098 439 2159 antiquum
448 2101 542 2157 Terra,
553 2099 652 2148 'litania
661 2102 746 2162 puben,

168 2183 281 2232 Fulmine
291 2184 387 2246 dejecti,
400 2185 476 2233 fundo
487 2186 618 2233 volvuntur
628 2186 653 2234 in
666 2187 724 2236 imo.

169 2269 216 2318 Hic
227 2279 252 2319 et
262 2272 362 2320 Aloidae
373 2272 494 2333 geminos,
505 2272 614 2320 inmania
623 2272 672 2321 vidi

168 2358 291 2420 Corpora:
309 2360 350 2421 qui
363 2360 475 2409 manibus
487 2375 603 2421 magnum
615 2360 750 2410 rescindere
762 2364 851 2411 culum

166 2445 290 2508 Adgreeni,
303 2449 443 2512 superinque
454 2451 542 2518 lovem
551 2437 680 2499 detrudere
692 2449 779 2510 regnis.

100 2517 103 2524 ¹
165 2534 221 2582 Vult
232 2544 257 2585 et
268 2536 372 2586 crudelia
384 2538 482 2586 dantem
494 2539 625 2588 Salmonea
636 2551 731 2600 poenae,

164 2623 229 2672 Dum
240 2624 350 2675 flammae
360 2627 429 2677 lovis
438 2636 463 2676 et
474 2627 568 2677 eonitua
579 2626 690 2676 imitatur
702 2627 809 2690 Olympi.
866 2637 869 2648 ’

164 2716 273 2769 Quatuor
285 2714 325 2764 hle
335 2715 443 2766 invectus
455 2718 533 2778 equis,
546 2725 571 2765 et
581 2693 694 2780 lampada
704 2730 830 2779 quassans,

164 2805 209 2851 Per
221 2803 322 2852 Gralum
334 2806 437 2868 populun
449 2806 580 2867 mediaque
593 2820 635 2868 per
646 2804 722 2854 Elidia
735 2799 819 2854 urbem'

163 2891 216 2939 lbat
227 2906 313 2952 orans,
324 2893 453 2955 divomque
461 2894 506 2942 eibi
515 2895 630 2957 poscebat
641 2895 771 2953 honorem,

161 2975 268 3029 Demen'a
279 2984 285 3028 l
304 2980 345 3042 qul
356 2983 453 3031 nimboa
464 2991 490 3031 et
500 2998 550 3031 non
561 2981 680 3030 imitabile
692 2981 784 3029 lulmen

159 3067 220 3116 AEre
230 3073 256 3115 et
265 3067 423 3130 oornlpedum
434 3070 506 3131 pulsu
517 3070 646 3118 simularat
657 3081 785 3129 equorum.

160 3155 194 3201 At
204 3161 271 3217 pater
282 3154 436 3218 omnipotens
447 3156 522 3206 denna
532 3157 596 3208 iuter
608 3154 692 3206 nubila
704 3156 779 3204 telum
