2334 3734
210 538 258 587 388
431 536 458 582 Ρ.
475 530 612 582 VlRGlLll
630 530 783 579 MARONlS

210 666 331 726 Namque,
343 662 436 711 inflicta
445 661 521 721 vadis,
533 661 607 709 dorso
618 660 677 708 dum
687 658 776 723 pendet
785 657 880 721 iniquo,

209 756 305 815 Anceps
317 759 449 801 sustentata
460 751 512 810 diu,
524 751 658 811 fluctusque
668 749 769 809 fatigat:

211 841 329 901 Solvitur,
340 847 412 902 atque
422 840 487 887 viros
498 839 586 887 mediis
596 837 697 900 exponit
707 837 734 884 in
745 835 832 897 undis;

210 930 229 979 F
230 930 340 990 ragmina
351 942 474 977 remorum
487 942 547 989 quos
558 936 583 976 et
595 925 715 975 fluitantia
724 930 830 1005 trapstra

211 1018 349 1081 lnpediuut,
360 1018 509 1079 retrahitque
520 1016 604 1079 pedem
616 1015 689 1063 simul
695 1014 762 1062 unda
773 1014 893 1061 relabens.

244 1108 297 1155 Nec
308 1110 420 1157 lirrnum
431 1107 510 1167 segnis
522 1106 611 1154 retinet
619 1118 703 1152 mora:
722 1104 764 1152 sed
772 1101 836 1166 rapit
846 1116 901 1149 acer

212 1196 301 1245 Totam
313 1196 389 1244 aciem
401 1196 426 1243 in
438 1197 556 1253 Teucros,
568 1202 594 1243 et
603 1201 689 1242 contra
698 1193 724 1241 in
735 1192 808 1240 litore
817 1190 888 1239 sistit.

214 1284 288 1345 Signa
299 1293 396 1333 canunt.
430 1284 527 1331 Primus
538 1291 633 1331 turmas
644 1280 733 1329 invasit
743 1286 849 1341 agrestes

212 1375 313 1433 AEneas,
324 1387 397 1422 omen
407 1387 504 1436 pugnae,
516 1372 658 1431 stravitque,
670 1368 781 1429 batim,

215 1461 303 1511 Occiso
313 1462 438 1521 Therone,
450 1461 529 1509 virum
540 1459 582 1521 qui
594 1471 724 1506 maxumus
734 1458 801 1505 ultro

214 1551 310 1599 AEuean
319 1551 393 1613 petit:
411 1550 468 1598 huic
479 1549 559 1610 gladio
571 1562 661 1610 perque
671 1560 734 1595 aerea
744 1554 809 1606 suta,

215 1641 262 1687 Per
274 1638 381 1687 tunicam
393 1640 544 1699 squalentem
554 1650 626 1697 auro,
637 1638 701 1685 latus
710 1635 794 1684 haurit
802 1641 921 1697 apertum.

214 1727 273 1777 lnde
284 1727 376 1776 Lichan
387 1727 453 1787 ferit,
464 1734 588 1775 exsectum
596 1729 648 1788 jam
659 1731 865 1788 matreperemta,

216 1818 248 1864 Et
259 1816 315 1875 tibi,
328 1817 429 1875 Phoebe,
441 1830 546 1875 sacrum,
558 1828 627 1863 cesus
639 1814 739 1863 evadere
749 1812 809 1861 ferri
874 1852 878 1856 .

214 1904 286 1957 Quod
297 1902 367 1951 licuit
377 1916 457 1965 paruo.
491 1904 543 1950 Nec
553 1904 636 1962 longe,
649 1902 732 1952 Cissea
740 1901 839 1962 durum,

221 1994 395 2051 inmanemque
407 1993 487 2054 Gyan,
503 1998 638 2039 sternentes
649 1992 746 2053 agmina
756 1993 833 2051 clara,
852 2020 859 2032 .

215 2078 309 2139 Dejecit
319 2079 383 2127 letor
402 2078 464 2127 nihil
477 2078 534 2127 illos
547 2079 660 2128 Herculis
671 2094 749 2141 arma,

216 2169 268 2216 Nec
276 2167 361 2217 validae
368 2170 452 2228 Juvere
464 2183 561 2228 manus,
573 2170 715 2231 genitorque
726 2171 874 2232 Melampus,

216 2257 309 2305 Alcidae
321 2272 413 2320 comes,
423 2273 499 2320 usque
511 2259 591 2320 gravis
601 2274 658 2308 cum
668 2267 735 2308 terra
744 2241 840 2308 labores

217 2345 331 2395 Praebuit.
364 2348 427 2396 Ecce
440 2348 530 2407 Pharo,
541 2361 611 2396 voces
622 2347 681 2395 dum
690 2350 764 2408 jactat
772 2346 867 2405 inertis,

218 2436 362 2496 Interquens
373 2436 480 2495 iaculum
490 2436 605 2484 clamanti
616 2435 681 2485 sistit
691 2436 717 2483 in
727 2450 778 2484 ore.

217 2523 257 2570 Tu
271 2536 376 2583 quoque,
388 2522 515 2571 flaventem
526 2524 606 2586 prima
613 2525 728 2585 lanugine
737 2526 814 2572 malas

217 2612 281 2658 Dum
292 2608 398 2671 sequeris
411 2610 517 2672 Clytium
529 2612 626 2672 infelix,
636 2626 700 2661 nova
710 2611 805 2673 gaudia,
817 2611 901 2673 Cydon
912 2630 919 2671 ;

221 2696 342 2747 Dardania
353 2703 442 2746 stratis
454 2698 550 2760 dextra,
562 2714 661 2749 securus
671 2714 794 2760 amoram,

220 2784 268 2840 Qui
276 2786 392 2845 Juvenum
403 2786 447 2835 tibi
459 2800 554 2850 semper
564 2797 644 2848 erant,
656 2788 802 2848 miserande,
810 2790 903 2848 iaceres
915 2825 920 2835 .

218 2874 251 2922 Nl
262 2874 365 2925 fratrum
377 2854 464 2939 stpa‘ta
474 2876 562 2924 cohors
574 2877 639 2925 soret
648 2876 728 2936 obvia,
741 2875 833 2924 Phorci

165 2957 168 2963 ’
220 2964 368 3026 Progenies3
386 2972 476 3027 septem
490 2978 602 3024 numero,
614 2970 759 3026 septenaque
767 2965 817 3013 tela

219 3051 371 3111 Conjiciunt:
390 3052 478 3114 partim
489 3054 558 3113 galea
568 3052 693 3114 clipeoque
703 3052 823 3101 resultant

219 3140 313 3202 lnrita3
330 3140 429 3190 deflexit
438 3140 527 3203 partim
539 3139 683 3201 stringentia
692 3155 782 3203 corpus
