2334 3734
111 510 118 523 '
214 540 263 591 nro
437 540 465 589 r.
481 538 621 590 manian
638 542 794 595 MAROle

215 670 248 718 Et
258 667 397 730 ferruginea
407 669 531 719 subvectat
540 684 644 734 corpora
653 674 750 736 cymba,

213 762 271 810 Jam
282 762 365 810 senior
374 782 383 824 3
400 761 443 811 sed
453 762 529 811 cruda
538 762 586 810 deo
596 763 728 826 viridisque
739 773 858 815 auectus.

216 853 270 902 Huc
281 852 362 901 omnis
372 854 444 901 turba
453 852 485 899 ad
493 852 558 915 ripas
568 854 646 902 elliua
654 856 750 915 ruebat,
824 898 830 908 ,

213 943 306 994 Matres
317 950 388 1004 atque
397 942 453 1001 riri,
464 942 627 1005 defunctaque
636 958 742 1007 corpora
751 945 802 994 vita

212 1032 398 1094 Magnanimum
409 1032 522 1093 heroum,
534 1034 605 1095 pueri
616 1034 773 1095 innuptaque
782 1035 882 1097 puellae,

212 1123 362 1187 Inpositique
372 1124 437 1195 rogis
446 1126 547 1183 iuvenes
558 1132 616 1171 ante
625 1138 671 1172 ora
681 1133 826 1186 parentum:

211 1214 292 1267 Quam
304 1214 382 1262 multa
393 1213 419 1261 iu
430 1213 498 1261 silvis
508 1213 621 1261 autumni
629 1214 721 1274 frigore
730 1212 811 1276 primo

210 1303 290 1351 Labsa
299 1303 389 1352 cadunt
399 1303 476 1364 folia3
494 1304 578 1351 autad
590 1311 682 1351 terrum
691 1304 787 1365 gurgite
798 1305 830 1351 ab
840 1304 893 1353 alto

211 1396 292 1449 Quam
303 1397 387 1443 miultse
398 1396 564 1455 glomerantur
575 1408 643 1453 aves,
652 1393 698 1451 ubi
709 1394 812 1455 frigidus
822 1408 902 1444 annus

209 1486 290 1534 Trans
302 1493 404 1549 ponarm
417 1485 495 1545 lugat,
506 1493 532 1533 et
542 1486 615 1533 terris
627 1485 729 1534 inmittit
739 1486 835 1549 apricis.

211 1576 314 1625 Stellam
323 1583 421 1624 orantes
432 1574 505 1637 primi
517 1575 683 1624 transmittere
694 1590 804 1636 comum,

210 1666 401 1727 Tendebantque
411 1679 499 1713 manus
510 1666 568 1728 ripe
578 1665 703 1714 ulterioris
715 1678 814 1714 amore:

211 1754 300 1804 Navita
310 1754 353 1803 sed
364 1754 441 1802 tristis
452 1769 516 1803 nunc
527 1754 584 1814 hos,
596 1770 662 1803 nunc
671 1755 761 1818 adcipit
772 1755 829 1804 illos
841 1776 849 1818 3

211 1845 258 1892 Ast
268 1843 330 1892 alios
339 1844 412 1903 longe
423 1845 549 1892 submotos
563 1852 631 1892 arcet
640 1858 723 1895 arena.

211 1934 313 1993 AEneas,
324 1932 427 1980 miratus
435 1932 513 1992 euim,
525 1942 656 1996 motusque
667 1934 786 1993 tumultu,

210 2021 267 2082 Dic,
278 2022 323 2081 ait,
333 2021 434 2083 ovirgo,
446 2021 504 2083 quid
515 2024 567 2070 volt
578 2037 711 2071 concursus
722 2022 753 2070 ad
764 2024 879 2070 amnem?

211 2110 306 2166 Quidue
316 2120 402 2173 petunt
412 2111 520 2160 animae?
539 2113 578 2159 vel
590 2126 639 2173 quo
650 2111 791 2161 discrimine
802 2112 867 2175 ripas

156 2234 162 2245 .
211 2202 256 2249 He
266 2200 391 2262 linquunt,
402 2200 452 2247 illae
465 2200 538 2247 remis
550 2200 610 2248 vada
620 2200 695 2271 livida
704 2203 823 2249 venunt?

210 2288 263 2338 Olli
275 2288 310 2337 sic
321 2289 425 2337 breviter
436 2290 486 2337 itta
497 2298 535 2337 est
544 2290 655 2350 longara
665 2289 790 2345 sacerdos:

209 2378 318 2427 Anchisa
329 2387 452 2439 generate,
464 2378 537 2425 deum
549 2378 684 2427 certissima
694 2379 787 2440 proles,

209 2468 292 2531 Cocyti
302 2476 388 2528 stagna
398 2470 448 2516 alta
457 2468 535 2527 vides,
547 2469 702 2530 Stygiamque
713 2468 838 2531 paludem,
879 2480 885 2495 ·

208 2556 240 2604 Di
251 2558 319 2617 cttjus
327 2558 410 2617 jurare
422 2557 510 2605 timent
520 2565 545 2605 et
555 2557 641 2605 fallere
652 2571 753 2605 numen.
943 2554 948 2565 '

208 2648 266 2695 llaec
278 2648 369 2705 omnis,
382 2660 455 2708 quam
466 2647 556 2705 cernis,
569 2647 640 2709 inops
651 2647 825 2710 inhumataque
836 2638 909 2698 turba
921 2657 975 2712 cst3

208 2734 316 2783 Portitor
327 2733 380 2794 ille,
393 2735 507 2795 Charon3
525 2735 561 2790 hi,
574 2750 635 2797 quos
647 2735 714 2784 vehit
723 2736 799 2797 unda,
809 2737 909 2800 sepulti.

167 2814 170 2819 ¹
208 2827 260 2874 Nec
271 2824 336 2887 ripas
346 2826 417 2873 datur
429 2826 563 2875 horrendas
575 2835 600 2875 et
611 2841 683 2875 rauca
694 2827 787 2876 fluenta

206 2915 382 2976 'sransportare
393 2914 471 2976 prins,
482 2928 555 2975 quam
567 2915 665 2964 sedibus
674 2930 731 2964 ossa
740 2916 862 2977 quierunt.

206 3003 310 3052 Centum
322 3012 405 3052 errant
415 3017 503 3063 anuos,
514 3004 665 3066 volitantque
675 3006 728 3070 hnc
738 3005 812 3054 litora
821 3006 931 3055 circum:

201 3093 269 3140 Tum
279 3091 379 3140 demum
389 3092 489 3141 admissi
501 3101 587 3155 stagna
597 3101 712 3155 exoptata
722 3094 838 3144 renuunt.

205 3179 321 3229 Constitit
330 3181 438 3229 Anchisa
448 3188 525 3242 satus,
536 3189 562 3230 et
571 3181 672 3243 vestigia
681 3182 787 3244 pressit;
