<?xml version="1.0" encoding="UTF-8"?>
<!DOCTYPE html PUBLIC "-//W3C//DTD XHTML 1.0 Transitional//EN"
    "http://www.w3.org/TR/xhtml1/DTD/xhtml1-transitional.dtd">
<html xmlns="http://www.w3.org/1999/xhtml" xml:lang="en" lang="en">
 <head>
  <title>
</title>
<meta http-equiv="Content-Type" content="text/html;charset=utf-8" />
  <meta name='ocr-system' content='tesseract 3.04.00' />
  <meta name='ocr-capabilities' content='ocr_page ocr_carea ocr_par ocr_line ocrx_word'/>
</head>
<body>
  <div class='ocr_page' id='page_1' title='image "./publiivirgiliim00heyngoog/publiivirgiliim00heyngoog_0295.png"; bbox 0 0 2334 3734; ppageno 0'>
   <div class='ocr_carea' id='block_1_1' title="bbox 279 501 951 608">
    <p class='ocr_par' dir='ltr' id='par_1_1' title="bbox 279 501 951 608">
     <span class='ocr_line' id='line_1_1' title="bbox 279 501 951 608; baseline 0.012 -40"><span class='ocrx_word' id='word_1_1' title='bbox 279 524 283 528; x_wconf 59' lang='grc'>“</span> <span class='ocrx_word' id='word_1_2' title='bbox 381 516 537 572; x_wconf 74' lang='lat' dir='ltr'>AENsroos</span> <span class='ocrx_word' id='word_1_3' title='bbox 553 523 617 574; x_wconf 75' lang='lat' dir='ltr'>tls.</span> <span class='ocrx_word' id='word_1_4' title='bbox 633 501 676 575; x_wconf 82' lang='lat' dir='ltr'>vr.</span> <span class='ocrx_word' id='word_1_5' title='bbox 780 599 783 608; x_wconf 17' lang='grc' dir='ltr'><strong><em>Δ</em></strong></span> <span class='ocrx_word' id='word_1_6' title='bbox 905 529 951 577; x_wconf 75' lang='lat' dir='ltr'>ess</span> 
     </span>
    </p>
   </div>
   <div class='ocr_carea' id='block_1_2' title="bbox 67 645 894 3188">
    <p class='ocr_par' dir='ltr' id='par_1_2' title="bbox 154 645 783 714">
     <span class='ocr_line' id='line_1_2' title="bbox 154 645 783 714; baseline 0.013 -20"><span class='ocrx_word' id='word_1_7' title='bbox 154 646 264 696; x_wconf 75' lang='lat' dir='ltr'><strong>Inclusas</strong></span> <span class='ocrx_word' id='word_1_8' title='bbox 275 645 379 710; x_wconf 81' lang='lat' dir='ltr'>animas,</span> <span class='ocrx_word' id='word_1_9' title='bbox 390 663 551 713; x_wconf 86' lang='lat' dir='ltr'>superumque</span> <span class='ocrx_word' id='word_1_10' title='bbox 562 651 593 701; x_wconf 83' lang='lat' dir='ltr'>ad</span> <span class='ocrx_word' id='word_1_11' title='bbox 602 654 686 701; x_wconf 86' lang='lat' dir='ltr'>lumen</span> <span class='ocrx_word' id='word_1_12' title='bbox 697 652 783 714; x_wconf 81' lang='lat' dir='ltr'>ituras,</span> 
     </span>
    </p>

    <p class='ocr_par' dir='ltr' id='par_1_3' title="bbox 91 735 770 802">
     <span class='ocr_line' id='line_1_3' title="bbox 91 735 770 802; baseline 0.01 -19"><span class='ocrx_word' id='word_1_13' title='bbox 91 770 93 773; x_wconf 88' lang='lat'>-</span> <span class='ocrx_word' id='word_1_14' title='bbox 153 735 282 784; x_wconf 80' lang='lat' dir='ltr'>Lustrabot</span> <span class='ocrx_word' id='word_1_15' title='bbox 291 737 371 785; x_wconf 86' lang='lat' dir='ltr'>studio</span> <span class='ocrx_word' id='word_1_16' title='bbox 382 740 502 798; x_wconf 77' lang='lat' dir='ltr'>recolens,</span> <span class='ocrx_word' id='word_1_17' title='bbox 513 754 658 802; x_wconf 85' lang='lat' dir='ltr'>omnemque</span> <span class='ocrx_word' id='word_1_18' title='bbox 669 755 770 790; x_wconf 88' lang='lat' dir='ltr'>suorum</span> 
     </span>
    </p>

    <p class='ocr_par' dir='ltr' id='par_1_4' title="bbox 153 825 775 893">
     <span class='ocr_line' id='line_1_4' title="bbox 153 825 775 893; baseline 0.01 -21"><span class='ocrx_word' id='word_1_19' title='bbox 153 825 227 872; x_wconf 84' lang='lat' dir='ltr'>Forte</span> <span class='ocrx_word' id='word_1_20' title='bbox 237 827 377 874; x_wconf 76' lang='lat' dir='ltr'>recensebat</span> <span class='ocrx_word' id='word_1_21' title='bbox 387 841 527 888; x_wconf 88' lang='lat' dir='ltr'>numerum,</span> <span class='ocrx_word' id='word_1_22' title='bbox 538 843 653 891; x_wconf 64' lang='lat' dir='ltr'>carosque</span> <span class='ocrx_word' id='word_1_23' title='bbox 666 837 775 893; x_wconf 80' lang='lat' dir='ltr'>nepotes,</span> 
     </span>
    </p>

    <p class='ocr_par' dir='ltr' id='par_1_5' title="bbox 151 911 840 982">
     <span class='ocr_line' id='line_1_5' title="bbox 151 911 840 982; baseline 0.013 -23"><span class='ocrx_word' id='word_1_24' title='bbox 151 911 267 973; x_wconf 76' lang='lat' dir='ltr'>Fataque,</span> <span class='ocrx_word' id='word_1_25' title='bbox 279 914 435 975; x_wconf 81' lang='lat' dir='ltr'>fortunasque</span> <span class='ocrx_word' id='word_1_26' title='bbox 446 916 536 976; x_wconf 78' lang='lat' dir='ltr'>virum,</span> <span class='ocrx_word' id='word_1_27' title='bbox 549 931 686 979; x_wconf 88' lang='lat' dir='ltr'>moresque,</span> <span class='ocrx_word' id='word_1_28' title='bbox 699 932 840 982; x_wconf 86' lang='lat' dir='ltr'>manusque.</span> 
     </span>
    </p>

    <p class='ocr_par' dir='ltr' id='par_1_6' title="bbox 150 1001 801 1069">
     <span class='ocr_line' id='line_1_6' title="bbox 150 1001 801 1069; baseline 0.015 -23"><span class='ocrx_word' id='word_1_29' title='bbox 150 1001 222 1060; x_wconf 87' lang='lat' dir='ltr'>Isque</span> <span class='ocrx_word' id='word_1_30' title='bbox 232 1001 274 1048; x_wconf 89' lang='lat' dir='ltr'>ubi</span> <span class='ocrx_word' id='word_1_31' title='bbox 285 1003 424 1059; x_wconf 80' lang='lat' dir='ltr'>tendentem</span> <span class='ocrx_word' id='word_1_32' title='bbox 435 1005 561 1054; x_wconf 78' lang='lat' dir='ltr'>adversum</span> <span class='ocrx_word' id='word_1_33' title='bbox 572 1021 615 1069; x_wconf 77' lang='lat' dir='ltr'>per</span> <span class='ocrx_word' id='word_1_34' title='bbox 625 1007 735 1068; x_wconf 75' lang='lat' dir='ltr'>gramina</span> <span class='ocrx_word' id='word_1_35' title='bbox 742 1007 801 1056; x_wconf 88' lang='lat' dir='ltr'>vidit</span> 
     </span>
    </p>

    <p class='ocr_par' dir='ltr' id='par_1_7' title="bbox 149 1089 862 1158">
     <span class='ocr_line' id='line_1_7' title="bbox 149 1089 862 1158; baseline 0.013 -22"><span class='ocrx_word' id='word_1_36' title='bbox 149 1089 257 1149; x_wconf 80' lang='lat' dir='ltr'>AEnean,</span> <span class='ocrx_word' id='word_1_37' title='bbox 267 1091 353 1139; x_wconf 81' lang='lat' dir='ltr'>alacris</span> <span class='ocrx_word' id='word_1_38' title='bbox 364 1093 455 1154; x_wconf 81' lang='lat' dir='ltr'>palmas</span> <span class='ocrx_word' id='word_1_39' title='bbox 466 1101 581 1155; x_wconf 78' lang='lat' dir='ltr'>utrasque</span> <span class='ocrx_word' id='word_1_40' title='bbox 592 1095 693 1144; x_wconf 85' lang='lat' dir='ltr'>tetendit</span> <span class='ocrx_word' id='word_1_41' title='bbox 703 1116 710 1158; x_wconf 92' lang='lat'>;</span> <span class='ocrx_word' id='word_1_42' title='bbox 769 1137 771 1142; x_wconf 89' lang='lat'><em>.</em></span> <span class='ocrx_word' id='word_1_43' title='bbox 858 1148 862 1157; x_wconf 65' lang='lat'><em>,</em></span> 
     </span>
    </p>

    <p class='ocr_par' dir='ltr' id='par_1_8' title="bbox 148 1178 765 1242">
     <span class='ocr_line' id='line_1_8' title="bbox 148 1178 765 1242; baseline 0.011 -18"><span class='ocrx_word' id='word_1_44' title='bbox 148 1178 285 1240; x_wconf 81' lang='lat' dir='ltr'>Effusaeque</span> <span class='ocrx_word' id='word_1_45' title='bbox 295 1180 362 1240; x_wconf 81' lang='lat' dir='ltr'>genis</span> <span class='ocrx_word' id='word_1_46' title='bbox 374 1181 496 1242; x_wconf 81' lang='lat' dir='ltr'>lacrimae3</span> <span class='ocrx_word' id='word_1_47' title='bbox 513 1191 538 1230; x_wconf 85' lang='lat' dir='ltr'>et</span> <span class='ocrx_word' id='word_1_48' title='bbox 548 1197 596 1230; x_wconf 86' lang='lat' dir='ltr'>vox</span> <span class='ocrx_word' id='word_1_49' title='bbox 608 1183 698 1232; x_wconf 84' lang='lat' dir='ltr'>excidit</span> <span class='ocrx_word' id='word_1_50' title='bbox 709 1197 765 1232; x_wconf 87' lang='lat' dir='ltr'>ore:</span> 
     </span>
    </p>

    <p class='ocr_par' dir='ltr' id='par_1_9' title="bbox 147 1253 704 1332">
     <span class='ocr_line' id='line_1_9' title="bbox 147 1253 704 1332; baseline 0.013 -20"><span class='ocrx_word' id='word_1_51' title='bbox 147 1265 242 1313; x_wconf 84' lang='lat' dir='ltr'><strong>Venisti</strong></span> <span class='ocrx_word' id='word_1_52' title='bbox 252 1267 361 1328; x_wconf 85' lang='lat' dir='ltr'>taudem,</span> <span class='ocrx_word' id='word_1_53' title='bbox 373 1275 462 1330; x_wconf 79' lang='lat' dir='ltr'>tuaque</span> <span class='ocrx_word' id='word_1_54' title='bbox 472 1253 578 1330; x_wconf 71' lang='lat' dir='ltr'>spectet&#39;a</span> <span class='ocrx_word' id='word_1_55' title='bbox 587 1271 680 1332; x_wconf 81' lang='lat' dir='ltr'>parenti</span> <span class='ocrx_word' id='word_1_56' title='bbox 698 1298 704 1308; x_wconf 85' lang='lat'><em>·</em></span> 
     </span>
    </p>

    <p class='ocr_par' dir='ltr' id='par_1_10' title="bbox 148 1352 704 1418">
     <span class='ocr_line' id='line_1_10' title="bbox 148 1352 704 1418; baseline 0.011 -19"><span class='ocrx_word' id='word_1_57' title='bbox 148 1352 214 1402; x_wconf 80' lang='lat' dir='ltr'>Vicit</span> <span class='ocrx_word' id='word_1_58' title='bbox 224 1354 270 1403; x_wconf 86' lang='lat' dir='ltr'>iter</span> <span class='ocrx_word' id='word_1_59' title='bbox 281 1355 369 1403; x_wconf 85' lang='lat' dir='ltr'>durum</span> <span class='ocrx_word' id='word_1_60' title='bbox 381 1356 475 1418; x_wconf 83' lang='lat' dir='ltr'>pietas?</span> <span class='ocrx_word' id='word_1_61' title='bbox 494 1358 565 1405; x_wconf 79' lang='lat' dir='ltr'>datur</span> <span class='ocrx_word' id='word_1_62' title='bbox 576 1372 621 1406; x_wconf 81' lang='lat' dir='ltr'>ora</span> <span class='ocrx_word' id='word_1_63' title='bbox 631 1357 704 1417; x_wconf 86' lang='lat' dir='ltr'>tueri,</span> 
     </span>
    </p>

    <p class='ocr_par' dir='ltr' id='par_1_11' title="bbox 147 1441 753 1504">
     <span class='ocr_line' id='line_1_11' title="bbox 147 1441 753 1504; baseline 0.01 -16"><span class='ocrx_word' id='word_1_64' title='bbox 147 1441 222 1504; x_wconf 71' lang='lat' dir='ltr'>Note,</span> <span class='ocrx_word' id='word_1_65' title='bbox 233 1449 292 1503; x_wconf 82' lang='lat' dir='ltr'>tua;</span> <span class='ocrx_word' id='word_1_66' title='bbox 309 1450 334 1490; x_wconf 88' lang='lat' dir='ltr'>et</span> <span class='ocrx_word' id='word_1_67' title='bbox 344 1450 414 1490; x_wconf 81' lang='lat' dir='ltr'>notas</span> <span class='ocrx_word' id='word_1_68' title='bbox 425 1443 508 1492; x_wconf 87' lang='lat' dir='ltr'>audire</span> <span class='ocrx_word' id='word_1_69' title='bbox 518 1453 543 1492; x_wconf 84' lang='lat' dir='ltr'>et</span> <span class='ocrx_word' id='word_1_70' title='bbox 553 1445 654 1494; x_wconf 78' lang='lat' dir='ltr'>reddere</span> <span class='ocrx_word' id='word_1_71' title='bbox 664 1459 733 1494; x_wconf 86' lang='lat' dir='ltr'>voces</span> <span class='ocrx_word' id='word_1_72' title='bbox 743 1449 753 1493; x_wconf 89' lang='lat'>?</span> 
     </span>
    </p>

    <p class='ocr_par' dir='ltr' id='par_1_12' title="bbox 147 1527 814 1594">
     <span class='ocr_line' id='line_1_12' title="bbox 147 1527 814 1594; baseline 0.007 -17"><span class='ocrx_word' id='word_1_73' title='bbox 147 1527 189 1577; x_wconf 82' lang='lat' dir='ltr'>Sic</span> <span class='ocrx_word' id='word_1_74' title='bbox 199 1528 310 1590; x_wconf 88' lang='lat' dir='ltr'>equidem</span> <span class='ocrx_word' id='word_1_75' title='bbox 321 1531 437 1579; x_wconf 85' lang='lat' dir='ltr'>ducebam</span> <span class='ocrx_word' id='word_1_76' title='bbox 448 1532 669 1594; x_wconf 60' lang='lat' dir='ltr'>animosebarque</span> <span class='ocrx_word' id='word_1_77' title='bbox 680 1533 799 1593; x_wconf 81' lang='lat' dir='ltr'>futurum,</span> <span class='ocrx_word' id='word_1_78' title='bbox 810 1544 814 1551; x_wconf 87' lang='grc'><strong>’</strong></span> 
     </span>
    </p>

    <p class='ocr_par' dir='ltr' id='par_1_13' title="bbox 146 1617 806 1681">
     <span class='ocr_line' id='line_1_13' title="bbox 146 1617 806 1681; baseline 0.006 -17"><span class='ocrx_word' id='word_1_79' title='bbox 146 1617 269 1680; x_wconf 82' lang='lat' dir='ltr'>Tempora</span> <span class='ocrx_word' id='word_1_80' title='bbox 279 1617 452 1681; x_wconf 80' lang='lat' dir='ltr'>dinumerans3</span> <span class='ocrx_word' id='word_1_81' title='bbox 470 1629 514 1668; x_wconf 80' lang='lat' dir='ltr'>nec</span> <span class='ocrx_word' id='word_1_82' title='bbox 526 1634 564 1668; x_wconf 90' lang='lat' dir='ltr'>me</span> <span class='ocrx_word' id='word_1_83' title='bbox 576 1634 631 1668; x_wconf 82' lang='lat' dir='ltr'>mea</span> <span class='ocrx_word' id='word_1_84' title='bbox 642 1635 700 1669; x_wconf 79' lang='lat' dir='ltr'>curs</span> <span class='ocrx_word' id='word_1_85' title='bbox 711 1621 806 1670; x_wconf 81' lang='lat' dir='ltr'>fefellit.</span> 
     </span>
    </p>

    <p class='ocr_par' dir='ltr' id='par_1_14' title="bbox 147 1705 804 1771">
     <span class='ocr_line' id='line_1_14' title="bbox 147 1705 804 1771; baseline 0 -14"><span class='ocrx_word' id='word_1_86' title='bbox 147 1705 215 1757; x_wconf 74' lang='lat' dir='ltr'>Quas</span> <span class='ocrx_word' id='word_1_87' title='bbox 226 1718 271 1765; x_wconf 82' lang='lat' dir='ltr'>ego</span> <span class='ocrx_word' id='word_1_88' title='bbox 281 1713 305 1754; x_wconf 89' lang='lat' dir='ltr'>te</span> <span class='ocrx_word' id='word_1_89' title='bbox 315 1714 402 1766; x_wconf 86' lang='lat' dir='ltr'>terras,</span> <span class='ocrx_word' id='word_1_90' title='bbox 413 1716 438 1757; x_wconf 86' lang='lat' dir='ltr'>et</span> <span class='ocrx_word' id='word_1_91' title='bbox 448 1719 538 1771; x_wconf 82' lang='lat' dir='ltr'>quauta</span> <span class='ocrx_word' id='word_1_92' title='bbox 548 1723 591 1770; x_wconf 90' lang='lat' dir='ltr'>per</span> <span class='ocrx_word' id='word_1_93' title='bbox 602 1724 699 1771; x_wconf 80' lang='lat' dir='ltr'>aequora</span> <span class='ocrx_word' id='word_1_94' title='bbox 709 1717 804 1758; x_wconf 83' lang='lat' dir='ltr'>vectum</span> 
     </span>
    </p>

    <p class='ocr_par' dir='ltr' id='par_1_15' title="bbox 145 1785 714 1866">
     <span class='ocr_line' id='line_1_15' title="bbox 145 1785 714 1866; baseline 0.009 -26"><span class='ocrx_word' id='word_1_95' title='bbox 145 1791 265 1854; x_wconf 82' lang='lat' dir='ltr'>Adcipio!</span> <span class='ocrx_word' id='word_1_96' title='bbox 284 1785 380 1855; x_wconf 83' lang='lat' dir='ltr'>quantis</span> <span class='ocrx_word' id='word_1_97' title='bbox 387 1797 514 1866; x_wconf 58' lang='lat' dir='ltr'>matum,</span> <span class='ocrx_word' id='word_1_98' title='bbox 526 1804 592 1857; x_wconf 81' lang='lat' dir='ltr'>nate,</span> <span class='ocrx_word' id='word_1_99' title='bbox 603 1797 714 1859; x_wconf 85' lang='lat' dir='ltr'>periclis!</span> 
     </span>
    </p>

    <p class='ocr_par' dir='ltr' id='par_1_16' title="bbox 150 1881 894 1947">
     <span class='ocr_line' id='line_1_16' title="bbox 150 1881 894 1947; baseline 0.008 -20"><span class='ocrx_word' id='word_1_100' title='bbox 150 1881 229 1934; x_wconf 76' lang='lat' dir='ltr'>eram</span> <span class='ocrx_word' id='word_1_101' title='bbox 241 1881 327 1942; x_wconf 88' lang='lat' dir='ltr'>metui,</span> <span class='ocrx_word' id='word_1_102' title='bbox 338 1897 370 1930; x_wconf 89' lang='lat' dir='ltr'>ne</span> <span class='ocrx_word' id='word_1_103' title='bbox 381 1883 438 1944; x_wconf 84' lang='lat' dir='ltr'>quid</span> <span class='ocrx_word' id='word_1_104' title='bbox 447 1885 527 1947; x_wconf 85' lang='lat' dir='ltr'>Libyae</span> <span class='ocrx_word' id='word_1_105' title='bbox 538 1884 583 1932; x_wconf 89' lang='lat' dir='ltr'>tibi</span> <span class='ocrx_word' id='word_1_106' title='bbox 595 1899 669 1945; x_wconf 84' lang='lat' dir='ltr'>regna</span> <span class='ocrx_word' id='word_1_107' title='bbox 680 1891 795 1933; x_wconf 86' lang='lat' dir='ltr'>nocerent</span> <span class='ocrx_word' id='word_1_108' title='bbox 801 1887 811 1932; x_wconf 34' lang='lat' dir='ltr'>r!</span> <span class='ocrx_word' id='word_1_109' title='bbox 889 1936 894 1944; x_wconf 52' lang='grc'>,</span> 
     </span>
    </p>

    <p class='ocr_par' dir='ltr' id='par_1_17' title="bbox 148 1958 792 2034">
     <span class='ocr_line' id='line_1_17' title="bbox 148 1958 792 2034; baseline 0.009 -18"><span class='ocrx_word' id='word_1_110' title='bbox 148 1969 194 2018; x_wconf 85' lang='lat' dir='ltr'>Ille</span> <span class='ocrx_word' id='word_1_111' title='bbox 205 1976 300 2017; x_wconf 78' lang='lat' dir='ltr'>autem:</span> <span class='ocrx_word' id='word_1_112' title='bbox 318 1972 372 2018; x_wconf 79' lang='lat' dir='ltr'>Tua</span> <span class='ocrx_word' id='word_1_113' title='bbox 383 1986 433 2031; x_wconf 88' lang='lat' dir='ltr'>me,</span> <span class='ocrx_word' id='word_1_114' title='bbox 444 1973 549 2032; x_wconf 79' lang='lat' dir='ltr'>genitor,</span> <span class='ocrx_word' id='word_1_115' title='bbox 561 1958 603 2021; x_wconf 76' lang='lat' dir='ltr'>tria</span> <span class='ocrx_word' id='word_1_116' title='bbox 612 1973 690 2022; x_wconf 86' lang='lat' dir='ltr'>tristis</span> <span class='ocrx_word' id='word_1_117' title='bbox 701 1973 792 2034; x_wconf 70' lang='lat' dir='ltr'>imago,</span> 
     </span>
    </p>

    <p class='ocr_par' dir='ltr' id='par_1_18' title="bbox 146 2057 755 2122">
     <span class='ocr_line' id='line_1_18' title="bbox 146 2057 755 2122; baseline 0.008 -17"><span class='ocrx_word' id='word_1_118' title='bbox 146 2057 238 2120; x_wconf 71' lang='lat' dir='ltr'>sepius</span> <span class='ocrx_word' id='word_1_119' title='bbox 250 2072 389 2118; x_wconf 85' lang='lat' dir='ltr'>occurrens,</span> <span class='ocrx_word' id='word_1_120' title='bbox 401 2061 452 2108; x_wconf 80' lang='lat' dir='ltr'>haec</span> <span class='ocrx_word' id='word_1_121' title='bbox 464 2061 549 2108; x_wconf 85' lang='lat' dir='ltr'>limina</span> <span class='ocrx_word' id='word_1_122' title='bbox 560 2062 659 2110; x_wconf 84' lang='lat' dir='ltr'>tendere</span> <span class='ocrx_word' id='word_1_123' title='bbox 670 2061 755 2122; x_wconf 80' lang='lat' dir='ltr'>adegit.</span> 
     </span>
    </p>

    <p class='ocr_par' dir='ltr' id='par_1_19' title="bbox 146 2141 848 2210">
     <span class='ocr_line' id='line_1_19' title="bbox 146 2141 848 2210; baseline 0 -16"><span class='ocrx_word' id='word_1_124' title='bbox 146 2146 218 2194; x_wconf 83' lang='lat' dir='ltr'>Stant</span> <span class='ocrx_word' id='word_1_125' title='bbox 227 2147 278 2194; x_wconf 80' lang='lat' dir='ltr'>sale</span> <span class='ocrx_word' id='word_1_126' title='bbox 287 2148 414 2210; x_wconf 77' lang='lat' dir='ltr'>Tyrrheno</span> <span class='ocrx_word' id='word_1_127' title='bbox 427 2149 523 2196; x_wconf 76' lang='lat' dir='ltr'>classes.</span> <span class='ocrx_word' id='word_1_128' title='bbox 557 2141 595 2197; x_wconf 69' lang='lat' dir='ltr'>Do</span> <span class='ocrx_word' id='word_1_129' title='bbox 601 2151 702 2210; x_wconf 81' lang='lat' dir='ltr'>jungere</span> <span class='ocrx_word' id='word_1_130' title='bbox 713 2149 833 2209; x_wconf 83' lang='lat' dir='ltr'>dextram,</span> <span class='ocrx_word' id='word_1_131' title='bbox 846 2187 848 2194; x_wconf 20' lang='grc' dir='ltr'><em>Α</em></span> 
     </span>
    </p>

    <p class='ocr_par' dir='ltr' id='par_1_20' title="bbox 145 2233 802 2296">
     <span class='ocr_line' id='line_1_20' title="bbox 145 2233 802 2296; baseline 0.005 -15"><span class='ocrx_word' id='word_1_132' title='bbox 145 2234 193 2292; x_wconf 81' lang='lat' dir='ltr'>Da,</span> <span class='ocrx_word' id='word_1_133' title='bbox 204 2234 298 2294; x_wconf 81' lang='lat' dir='ltr'>genitor</span> <span class='ocrx_word' id='word_1_134' title='bbox 308 2255 316 2295; x_wconf 91' lang='lat'>;</span> <span class='ocrx_word' id='word_1_135' title='bbox 333 2242 405 2295; x_wconf 86' lang='lat' dir='ltr'>teque</span> <span class='ocrx_word' id='word_1_136' title='bbox 416 2236 530 2296; x_wconf 84' lang='lat' dir='ltr'>amplexu</span> <span class='ocrx_word' id='word_1_137' title='bbox 542 2249 573 2282; x_wconf 86' lang='lat' dir='ltr'>ne</span> <span class='ocrx_word' id='word_1_138' title='bbox 584 2233 698 2284; x_wconf 68' lang='lat' dir='ltr'>subtrahe</span> <span class='ocrx_word' id='word_1_139' title='bbox 710 2243 802 2295; x_wconf 77' lang='lat' dir='ltr'>nostro.</span> 
     </span>
    </p>

    <p class='ocr_par' dir='ltr' id='par_1_21' title="bbox 88 2319 735 2382">
     <span class='ocr_line' id='line_1_21' title="bbox 88 2319 735 2382; baseline -0.002 -9"><span class='ocrx_word' id='word_1_140' title='bbox 88 2327 91 2330; x_wconf 80' lang='grc'><strong><em>’</em></strong></span> <span class='ocrx_word' id='word_1_141' title='bbox 145 2319 185 2373; x_wconf 80' lang='lat' dir='ltr'>sic</span> <span class='ocrx_word' id='word_1_142' title='bbox 197 2336 335 2371; x_wconf 86' lang='lat' dir='ltr'>memorans</span> <span class='ocrx_word' id='word_1_143' title='bbox 347 2323 414 2382; x_wconf 77' lang='lat' dir='ltr'>largo</span> <span class='ocrx_word' id='word_1_144' title='bbox 426 2322 484 2370; x_wconf 86' lang='lat' dir='ltr'>fletu</span> <span class='ocrx_word' id='word_1_145' title='bbox 495 2322 569 2370; x_wconf 88' lang='lat' dir='ltr'>simul</span> <span class='ocrx_word' id='word_1_146' title='bbox 579 2337 624 2370; x_wconf 83' lang='lat' dir='ltr'>ora</span> <span class='ocrx_word' id='word_1_147' title='bbox 635 2323 735 2382; x_wconf 78' lang='lat' dir='ltr'>rigabat.</span> 
     </span>
    </p>

    <p class='ocr_par' dir='ltr' id='par_1_22' title="bbox 143 2410 725 2472">
     <span class='ocr_line' id='line_1_22' title="bbox 143 2410 725 2472; baseline 0 -14"><span class='ocrx_word' id='word_1_148' title='bbox 143 2411 193 2458; x_wconf 88' lang='lat' dir='ltr'>Ter</span> <span class='ocrx_word' id='word_1_149' title='bbox 203 2420 304 2460; x_wconf 80' lang='lat' dir='ltr'>conatus</span> <span class='ocrx_word' id='word_1_150' title='bbox 316 2412 350 2460; x_wconf 90' lang='lat' dir='ltr'>ibi</span> <span class='ocrx_word' id='word_1_151' title='bbox 362 2413 427 2460; x_wconf 87' lang='lat' dir='ltr'>collo</span> <span class='ocrx_word' id='word_1_152' title='bbox 438 2411 495 2459; x_wconf 87' lang='lat' dir='ltr'>dare</span> <span class='ocrx_word' id='word_1_153' title='bbox 507 2410 605 2459; x_wconf 83' lang='lat' dir='ltr'>brachia</span> <span class='ocrx_word' id='word_1_154' title='bbox 615 2410 725 2472; x_wconf 82' lang='lat' dir='ltr'>circum3</span> 
     </span>
    </p>

    <p class='ocr_par' dir='ltr' id='par_1_23' title="bbox 142 2499 730 2563">
     <span class='ocr_line' id='line_1_23' title="bbox 142 2499 730 2563; baseline -0.002 -14"><span class='ocrx_word' id='word_1_155' title='bbox 142 2499 192 2549; x_wconf 83' lang='lat' dir='ltr'>Ter</span> <span class='ocrx_word' id='word_1_156' title='bbox 204 2500 295 2549; x_wconf 83' lang='lat' dir='ltr'>imstra</span> <span class='ocrx_word' id='word_1_157' title='bbox 304 2515 438 2563; x_wconf 82' lang='lat' dir='ltr'>conprensa</span> <span class='ocrx_word' id='word_1_158' title='bbox 448 2515 535 2549; x_wconf 80' lang='lat' dir='ltr'>manus</span> <span class='ocrx_word' id='word_1_159' title='bbox 546 2500 630 2562; x_wconf 73' lang='lat' dir='ltr'>effligit</span> <span class='ocrx_word' id='word_1_160' title='bbox 640 2499 730 2561; x_wconf 78' lang='lat' dir='ltr'>imago,</span> 
     </span>
    </p>

    <p class='ocr_par' dir='ltr' id='par_1_24' title="bbox 144 2588 788 2726">
     <span class='ocr_line' id='line_1_24' title="bbox 144 2588 788 2650; baseline -0.003 -14"><span class='ocrx_word' id='word_1_161' title='bbox 144 2588 191 2636; x_wconf 77' lang='lat' dir='ltr'>Par</span> <span class='ocrx_word' id='word_1_162' title='bbox 202 2588 295 2636; x_wconf 74' lang='lat' dir='ltr'>levibus</span> <span class='ocrx_word' id='word_1_163' title='bbox 306 2589 394 2648; x_wconf 86' lang='lat' dir='ltr'>ventis,</span> <span class='ocrx_word' id='word_1_164' title='bbox 405 2589 544 2650; x_wconf 83' lang='lat' dir='ltr'>volucrique</span> <span class='ocrx_word' id='word_1_165' title='bbox 556 2588 682 2646; x_wconf 71' lang='lat' dir='ltr'>simillima</span> <span class='ocrx_word' id='word_1_166' title='bbox 693 2601 788 2638; x_wconf 85' lang='lat' dir='ltr'>somno.</span> 
     </span>
     <span class='ocr_line' id='line_1_25' title="bbox 176 2663 669 2726; baseline 0 -2"><span class='ocrx_word' id='word_1_167' title='bbox 176 2677 272 2725; x_wconf 75' lang='lat' dir='ltr'>Interes</span> <span class='ocrx_word' id='word_1_168' title='bbox 281 2677 347 2726; x_wconf 86' lang='lat' dir='ltr'>videt</span> <span class='ocrx_word' id='word_1_169' title='bbox 357 2679 447 2726; x_wconf 79' lang='lat' dir='ltr'>AEness</span> <span class='ocrx_word' id='word_1_170' title='bbox 459 2678 483 2725; x_wconf 91' lang='lat' dir='ltr'>in</span> <span class='ocrx_word' id='word_1_171' title='bbox 496 2679 559 2725; x_wconf 77' lang='lat' dir='ltr'>valle</span> <span class='ocrx_word' id='word_1_172' title='bbox 570 2663 669 2725; x_wconf 83' lang='lat' dir='ltr'>reducta</span> 
     </span>
    </p>

    <p class='ocr_par' dir='ltr' id='par_1_25' title="bbox 67 2764 736 2830">
     <span class='ocr_line' id='line_1_26' title="bbox 67 2764 736 2830; baseline -0.004 -15"><span class='ocrx_word' id='word_1_173' title='bbox 67 2825 76 2830; x_wconf 43' lang='grc'><strong>,</strong></span> <span class='ocrx_word' id='word_1_174' title='bbox 142 2765 270 2815; x_wconf 76' lang='lat' dir='ltr'>seclusum</span> <span class='ocrx_word' id='word_1_175' title='bbox 281 2779 377 2826; x_wconf 87' lang='lat' dir='ltr'>nemus,</span> <span class='ocrx_word' id='word_1_176' title='bbox 388 2777 413 2816; x_wconf 86' lang='lat' dir='ltr'>et</span> <span class='ocrx_word' id='word_1_177' title='bbox 422 2767 528 2828; x_wconf 78' lang='lat' dir='ltr'>virgulto</span> <span class='ocrx_word' id='word_1_178' title='bbox 537 2765 648 2815; x_wconf 78' lang='lat' dir='ltr'>sonantia</span> <span class='ocrx_word' id='word_1_179' title='bbox 659 2764 736 2824; x_wconf 83' lang='lat' dir='ltr'>silvis,</span> 
     </span>
    </p>

    <p class='ocr_par' dir='ltr' id='par_1_26' title="bbox 142 2854 843 2918">
     <span class='ocr_line' id='line_1_27' title="bbox 142 2854 843 2918; baseline -0.007 -16"><span class='ocrx_word' id='word_1_180' title='bbox 142 2854 324 2915; x_wconf 53' lang='lat' dir='ltr'>lethumque,</span> <span class='ocrx_word' id='word_1_181' title='bbox 335 2855 421 2904; x_wconf 89' lang='lat' dir='ltr'>domos</span> <span class='ocrx_word' id='word_1_182' title='bbox 432 2855 536 2918; x_wconf 82' lang='lat' dir='ltr'>placidas</span> <span class='ocrx_word' id='word_1_183' title='bbox 547 2855 588 2916; x_wconf 89' lang='lat' dir='ltr'>qui</span> <span class='ocrx_word' id='word_1_184' title='bbox 599 2860 726 2916; x_wconf 77' lang='lat' dir='ltr'>praenatst,</span> <span class='ocrx_word' id='word_1_185' title='bbox 738 2865 843 2899; x_wconf 85' lang='lat' dir='ltr'>amnem.</span> 
     </span>
    </p>

    <p class='ocr_par' dir='ltr' id='par_1_27' title="bbox 141 2939 840 3004">
     <span class='ocr_line' id='line_1_28' title="bbox 141 2939 840 3004; baseline -0.006 -15"><span class='ocrx_word' id='word_1_186' title='bbox 141 2942 215 2989; x_wconf 83' lang='lat' dir='ltr'>Hune</span> <span class='ocrx_word' id='word_1_187' title='bbox 225 2942 317 2989; x_wconf 84' lang='lat' dir='ltr'>circum</span> <span class='ocrx_word' id='word_1_188' title='bbox 328 2943 462 2990; x_wconf 65' lang='lat' dir='ltr'>innumero</span> <span class='ocrx_word' id='word_1_189' title='bbox 473 2950 555 3003; x_wconf 76' lang='lat' dir='ltr'>gentes</span> <span class='ocrx_word' id='word_1_190' title='bbox 566 2940 697 3004; x_wconf 85' lang='lat' dir='ltr'>populique</span> <span class='ocrx_word' id='word_1_191' title='bbox 707 2939 821 2986; x_wconf 82' lang='lat' dir='ltr'>volabant</span> <span class='ocrx_word' id='word_1_192' title='bbox 831 2957 840 2998; x_wconf 87' lang='lat'>;</span> 
     </span>
    </p>

    <p class='ocr_par' dir='ltr' id='par_1_28' title="bbox 141 3029 720 3092">
     <span class='ocr_line' id='line_1_29' title="bbox 141 3029 720 3092; baseline -0.007 -16"><span class='ocrx_word' id='word_1_193' title='bbox 141 3029 189 3087; x_wconf 83' lang='lat' dir='ltr'>Ac,</span> <span class='ocrx_word' id='word_1_194' title='bbox 200 3029 277 3077; x_wconf 83' lang='lat' dir='ltr'>veluti</span> <span class='ocrx_word' id='word_1_195' title='bbox 287 3029 313 3077; x_wconf 87' lang='lat' dir='ltr'>in</span> <span class='ocrx_word' id='word_1_196' title='bbox 324 3029 409 3092; x_wconf 86' lang='lat' dir='ltr'>pratis,</span> <span class='ocrx_word' id='word_1_197' title='bbox 421 3029 463 3077; x_wconf 89' lang='lat' dir='ltr'>ubi</span> <span class='ocrx_word' id='word_1_198' title='bbox 473 3043 530 3091; x_wconf 81' lang='lat' dir='ltr'>apes</span> <span class='ocrx_word' id='word_1_199' title='bbox 540 3033 624 3076; x_wconf 73' lang='lat' dir='ltr'>aestate</span> <span class='ocrx_word' id='word_1_200' title='bbox 634 3039 720 3088; x_wconf 83' lang='lat' dir='ltr'>serena</span> 
     </span>
    </p>

    <p class='ocr_par' dir='ltr' id='par_1_29' title="bbox 140 3114 718 3188">
     <span class='ocr_line' id='line_1_30' title="bbox 140 3114 718 3188; baseline -0.009 -22"><span class='ocrx_word' id='word_1_201' title='bbox 140 3116 253 3166; x_wconf 82' lang='lat' dir='ltr'>Floribus</span> <span class='ocrx_word' id='word_1_202' title='bbox 263 3117 374 3167; x_wconf 88' lang='lat' dir='ltr'>insidunt</span> <span class='ocrx_word' id='word_1_203' title='bbox 384 3118 467 3177; x_wconf 85' lang='lat' dir='ltr'>variis,</span> <span class='ocrx_word' id='word_1_204' title='bbox 478 3125 503 3166; x_wconf 88' lang='lat' dir='ltr'>et</span> <span class='ocrx_word' id='word_1_205' title='bbox 512 3117 615 3166; x_wconf 77' lang='lat' dir='ltr'>candida</span> <span class='ocrx_word' id='word_1_206' title='bbox 625 3114 718 3188; x_wconf 66' lang='lat' dir='ltr'>circuio</span> 
     </span>
    </p>
   </div>
   <div class='ocr_carea' id='block_1_3' title="bbox 0 0 1172 3734">
    <p class='ocr_par' dir='ltr' id='par_1_30' title="bbox 0 0 1172 3734">
     <span class='ocr_line' id='line_1_31' title="bbox 0 0 1172 3734; baseline 0 6"><span class='ocrx_word' id='word_1_207' title='bbox 0 0 1172 3734; x_wconf 95' lang='lat' dir='ltr'> </span> 
     </span>
    </p>
   </div>
  </div>
 </body>
</html>
