2334 3734
169 529 184 574 s
395 529 420 576 r.
437 527 573 601 vrsornr
591 527 745 577 nunonis

207 658 261 706 Me.
279 656 343 712 Quid
354 655 448 706 domini
458 655 558 718 faciant,
570 655 660 706 audent
670 668 745 717 quum
755 654 815 703 telis
824 655 890 702 dures
900 655 906 699 !

173 748 230 796 Non
242 760 286 808 ego
297 755 321 796 te
332 745 381 795 vidi
392 745 522 806 Damonis,
533 744 649 808 pessime,
660 758 761 806 caprum

175 834 293 897 Excipere
304 834 409 896 insidiis,
420 836 525 883 multum
535 835 641 882 latrante
652 832 768 896 Lycisce?

174 923 206 969 Et
216 936 291 984 quum
302 923 446 971 clamarem:
466 924 521 976 Quo
533 936 599 970 nunc
610 935 636 970 se
645 919 750 984 proripit
759 919 821 967 ille?

174 1009 268 1072 Tityre,
279 1023 337 1071 coge
349 1025 437 1072 pecus;
454 1017 482 1058 tu
491 1017 547 1072 post
557 1009 762 1057 carectalatebes.

208 1100 255 1147 Dr.
272 1100 312 1146 An
324 1097 385 1146 mihi
396 1098 515 1147 cantando
526 1097 604 1146 victus
615 1111 665 1144 non
677 1096 789 1152 redderet
797 1094 851 1155 ille,

177 1191 256 1243 Quem
267 1203 322 1237 mea
332 1189 483 1237 carminibus
495 1188 623 1236 meruisset
634 1188 726 1246 fistula,
739 1187 858 1248 caprum?

106 1252 116 1266 ι
176 1275 203 1325 Si
215 1275 303 1335 nescis,
314 1290 382 1324 meus
393 1275 437 1324 ille
446 1289 517 1338 ceper
529 1275 588 1323 fuit:
607 1273 704 1322 etmihi
715 1275 812 1322 Damon

178 1366 232 1426 lpse
242 1364 362 1413 fatebatur
371 1384 378 1425 ς
396 1363 439 1412 sed
449 1362 550 1412 reddere
561 1377 634 1426 posse
644 1363 754 1432 negabat.

212 1453 265 1501 Mn.
283 1452 410 1501 Cantando
423 1459 450 1500 tu
461 1451 553 1502 illum?
573 1458 617 1500 aut
626 1464 742 1512 umquam
753 1449 798 1498 tibi
809 1450 891 1498 fistula
901 1462 957 1497 cera

178 1541 269 1590 Juncta
276 1538 342 1588 fuit?
361 1554 412 1588 non
423 1547 451 1587 tu
462 1539 488 1587 in
500 1539 590 1599 triviis,
602 1539 708 1599 indocte,
720 1539 815 1588 solebas

179 1626 297 1676 stridenti
308 1626 425 1674 miserum
436 1625 525 1688 stipula
535 1625 673 1689 disperdere
684 1628 801 1674 carmen?

211 1716 259 1763 Dr.
275 1713 319 1762 Vis
330 1727 398 1775 ergo,
410 1713 540 1773 internos,
552 1713 611 1774 quid
621 1713 698 1776 possit
708 1721 820 1775 uterque,
831 1711 937 1762 vmissim

179 1802 360 1866 Experiamur?
379 1815 424 1863 ego
435 1803 498 1850 hanc
509 1802 610 1850 vindam
626 1802 668 1865 [ne
680 1801 743 1850 forte
754 1815 861 1862 recuses,

179 1891 222 1940 Bis
232 1891 299 1940 venit
310 1890 340 1938 ad
352 1892 491 1949 mulctram,
503 1889 574 1938 binos
586 1889 630 1937 alit
641 1890 715 1937 ubere
726 1888 800 1951 fetus)

179 1981 295 2042 Depono:
313 1986 340 2027 tu
351 1977 399 2039 dic,
412 1991 507 2026 mecum
518 1992 566 2040 quo
578 1978 680 2040 pignore
691 1986 777 2028 certes.
902 2035 908 2040 ,

213 2067 267 2116 Mn.
284 2068 320 2115 De
332 2080 403 2127 grege
414 2080 464 2114 nou
476 2065 555 2114 ausim
566 2066 698 2128 quidquam
708 2066 830 2129 deponere
839 2073 934 2115 tecum:

181 2156 226 2203 Est
237 2155 297 2202 mihi
308 2159 413 2216 namque
423 2153 490 2202 domi
501 2163 568 2217 pater
577 2175 587 2217 3
604 2162 641 2204 est
651 2155 742 2216 injusta
752 2169 870 2218 novercs3

180 2242 269 2304 Bisque
280 2242 319 2290 die
331 2251 461 2292 numerant
472 2245 544 2292 ambo
555 2257 639 2306 pecus,
650 2244 711 2292 alter
721 2251 746 2292 et
756 2242 848 2292 haedos.

181 2331 282 2391 Verum,
295 2329 320 2380 id
331 2331 396 2392 quod
407 2332 485 2379 multo
497 2339 549 2380 tute
559 2331 611 2394 ipse
621 2331 727 2380 fatebere
736 2333 826 2392 maJns,

184 2418 306 2483 (insanire
316 2419 377 2468 libet
387 2419 502 2481 quoniam
514 2417 569 2480 tibi)
587 2421 674 2482 pocula
683 2434 774 2483 ponam
851 2476 854 2480 ,

181 2506 280 2568 Farina,
292 2509 404 2568 caelatum
415 2508 492 2556 divini
502 2523 563 2570 opus
574 2507 767 2558 Alcimedontis:

182 2597 259 2645 Lenta
269 2596 356 2657 quibus
369 2604 441 2645 torno
453 2597 519 2646 facili
531 2597 685 2659 superaddita
694 2597 751 2645 vitis

181 2683 287 2732 Diffusos
298 2684 372 2732 edera
381 2684 452 2732 vestit
464 2685 571 2746 pallente
580 2686 721 2747 corymbos.

183 2775 210 2822 ln
222 2773 302 2823 medio
314 2774 362 2822 duo
373 2774 452 2836 signs,
466 2774 568 2824 Conone
587 2775 673 2836 etquis
684 2775 732 2824 fuit
742 2777 814 2838 alter,

182 2861 316 2924 Descripsit
325 2861 393 2910 radio
403 2869 484 2910 totum
495 2862 536 2925 qui
547 2863 659 2925 gentibus
670 2866 773 2927 orbem

185 2952 310 3012 Tempora
320 2964 373 3012 quae
381 2963 486 3012 messor,
498 2966 551 3013 quse
563 2967 651 3002 curvus
662 2961 743 3002 arator
755 2954 873 3003 haberet?

186 3038 297 3107 Necdum
307 3037 357 3087 illis
368 3039 436 3088 labra
447 3039 552 3101 admovi,
565 3041 609 3089 sed
618 3040 716 3090 condita
726 3055 805 3091 servo.

214 3130 261 3176 Dr.
278 3129 310 3176 Et
318 3127 388 3178 nobis
400 3128 464 3180 idem
474 3129 619 3180 Alcimedon
631 3129 680 3179 duo
690 3133 777 3194 pocula
787 3132 854 3193 fecit,
