2334 3734
254 533 284 578 80
474 531 501 578 P.
518 531 654 579 VlllGlLll
670 531 822 582 MARONIS

252 660 331 720 Atque
342 657 393 705 hec
402 659 452 717 jam
464 657 543 720 primo
555 659 668 720 depulsus
679 661 710 708 ab
719 661 794 708 ubere
804 661 888 709 mauis

252 746 356 806 Audeat,
367 747 441 808 inque
451 747 528 796 vicem
538 748 579 796 det
590 749 704 797 mollibus
715 764 760 798 ora
769 750 878 813 capistris

252 834 383 894 invalidus,
395 835 515 897 etiamque
524 844 643 896 tremens,
654 837 727 885 edam
737 838 827 886 inscius
838 837 890 886 reri.

250 924 294 983 At,
305 923 382 973 tribus
393 927 494 983 exactis,
506 926 546 973 ubi
559 935 645 987 quarta
655 927 784 975 adcesserit
793 935 873 986 metas,

251 1013 354 1075 Carpere
366 1027 424 1060 mox
436 1011 520 1075 gyrum
531 1014 638 1076 incipiat,
650 1014 809 1076 gradibusque
819 1027 907 1063 souare

251 1101 399 1164 conpositis,
410 1101 535 1163 sinuetque
547 1103 641 1150 alterna
650 1103 774 1150 volumina
784 1117 900 1164 crurum3

249 1190 332 1252 Sitque
343 1191 462 1240 laboranti
472 1191 559 1240 similis
570 1211 577 1253 ;
595 1200 647 1240 tum
658 1192 767 1240 cursibus
777 1206 859 1252 auras,

249 1281 313 1327 'lum
323 1287 401 1338 vocet,
413 1293 441 1328 ae
452 1294 495 1341 per
506 1287 589 1342 aperta
598 1281 692 1339 voleus,
704 1294 748 1328 ceu
758 1279 820 1328 liber
830 1279 940 1341 habenis,

250 1369 368 1430 AEquora,
380 1369 420 1416 vix
431 1383 526 1418 summa
535 1369 635 1429 vestigia
644 1376 719 1430 ponat
728 1382 815 1416 arena:

248 1458 332 1511 Qualis
345 1459 504 1521 Hyperboreis
516 1457 616 1520 Aquilo,
627 1470 701 1519 quum
712 1456 800 1505 densus
811 1457 842 1505 ab
852 1456 903 1504 oris

247 1546 369 1605 Incubuit,
381 1547 529 1608 Scythiaeque
539 1546 627 1594 hiemis
639 1554 710 1606 etque
720 1544 787 1592 arida
797 1543 877 1592 differt

247 1636 350 1684 Nubila:
369 1643 421 1684 tum
434 1643 524 1696 segetes
536 1638 591 1684 altoe
602 1637 727 1698 campique
738 1643 848 1685 uamntes

160 1710 163 1714 ⁵
244 1725 349 1772 lenibus
360 1726 505 1772 horrescunt
515 1724 607 1784 flabris,
619 1738 766 1786 summeque
777 1738 891 1772 sonorem

244 1814 310 1862 Dant
320 1814 395 1873 silure,
407 1815 518 1875 longique
530 1821 634 1874 urguent
644 1813 675 1860 ad
685 1813 758 1860 litura
767 1813 854 1860 fluetus
865 1831 871 1860 ι

243 1902 288 1949 llle
299 1903 373 1960 volat,
385 1902 458 1949 simul
469 1913 526 1948 arva
534 1902 599 1962 luga,
611 1901 684 1948 simul
695 1913 792 1962 equora
803 1914 911 1949 verrens.

245 1987 291 2038 Hic
301 1990 339 2036 vel
350 1989 381 2036 ad
392 1990 445 2037 Elei
457 1997 532 2037 metas
543 1997 567 2037 et
577 2004 693 2039 maxuma
704 1988 783 2052 campi

243 2078 344 2128 Sudabit
354 2078 440 2140 spatia,
452 2087 477 2126 et
487 2093 583 2141 spumas
595 2086 648 2139 aget
657 2091 700 2127 ore
709 2086 838 2140 eruentes3

241 2165 339 2226 Belgica
349 2167 387 2214 vel
397 2167 467 2214 molli
478 2168 563 2216 melius
574 2167 637 2215 feret
646 2167 731 2215 esseda
739 2167 812 2214 eollo.

240 2257 305 2303 Tum
317 2254 415 2305 demum
426 2270 506 2304 crassa
516 2270 630 2317 magnum
641 2256 761 2317 farragine
771 2270 858 2318 corpus

242 2345 354 2393 Crescere
361 2345 411 2404 jam
422 2343 520 2392 domitis
531 2343 620 2405 sinito3
638 2357 741 2405 namque
751 2351 807 2391 aute
817 2343 965 2392 domandum

241 2432 347 2493 lugentis
357 2433 444 2480 tollent
456 2431 559 2498 animos,
572 2413 700 2494 preusique
711 2433 832 2492 negabunt

240 2522 348 2570 Verbera
358 2522 424 2569 leutu
434 2521 482 2582 pati
494 2528 519 2569 et
529 2521 596 2569 duris
608 2534 691 2583 parere
703 2520 799 2586 lupatis.

272 2609 319 2657 Sed
330 2623 380 2656 nou
387 2610 439 2657 ulla
449 2609 524 2669 magis
535 2609 599 2656 sires
609 2608 728 2656 industria
738 2610 829 2671 firmat,

240 2700 319 2752 Quam
330 2699 447 2745 Venerem
460 2704 485 2744 et
495 2697 550 2744 ceci
563 2697 675 2745 stimulos
687 2706 794 2747 avertere
804 2699 904 2761 amoris,

238 2785 293 2835 Sive
304 2786 388 2844 boum,
402 2784 450 2832 sive
461 2793 497 2832 est
507 2786 545 2832 cui
557 2785 648 2846 gratior
659 2800 717 2834 usus
728 2801 855 2848 equorum.

236 2875 315 2935 Atque
325 2873 379 2922 ideo
390 2881 473 2922 tauros
484 2874 568 2936 procul
578 2881 650 2935 atque
659 2874 686 2921 in
697 2875 751 2923 sola
763 2877 872 2937 relegant

237 2963 337 3022 Pascua,
349 2969 404 3025 post
414 2969 521 3010 montem
533 2961 681 3025 oppositum,
693 2971 718 3011 et
728 2970 796 3012 111111
807 2963 908 3015 flumine
917 2965 982 3028 lam

235 3050 285 3096 Aut
295 3049 361 3097 intus
372 3050 466 3097 clausos
477 3057 559 3098 satura
568 3049 600 3097 ed
609 3049 724 3113 presepia
733 3061 838 3101 serrant

224 3139 227 3146 ’
236 3137 320 3198 Carpit
331 3137 397 3185 enim
407 3138 470 3186 vires
481 3137 607 3201 paullatim
618 3138 714 3199 uritque
726 3140 827 3190 videndo
