2334 3734
203 527 235 574 lu
433 524 459 572 P.
476 523 613 572 VlRGlLiI
630 521 783 573 elaeonis

238 653 420 716 Contemplator
433 652 590 714 irem,‘quum
601 665 627 700 ee
637 651 690 700 nux'
700 649 806 714 plurima
817 652 884 701 silvis

204 742 291 791 induet
302 743 328 790 in
339 742 436 802 dorem,
447 750 472 790 et
482 755 563 791 remos
575 741 684 790 curvabit
694 742 798 790 olentia:

202 832 229 881 Si
240 839 356 893 superant
362 832 436 892 ieme,
447 831 537 893 pariter
548 833 673 879 frumenta
682 839 825 892 sequentur,
889 828 894 834 “

203 922 340 982 Magnaque
350 935 407 968 cum
418 932 505 980 magno
516 919 597 970 veniet
606 920 695 969 nitura
704 921 788 969 ealore
798 939 807 983 3

203 1011 237 1059 At
248 1009 269 1058 ei
281 1010 379 1058 luxurie
390 1009 507 1059 loliorum
518 1011 636 1058 exuberat
647 1011 749 1058 umbra:

204 1099 373 1162 Nequidquam
384 1099 479 1162 pinguia
491 1100 561 1161 palea
571 1107 634 1148 teret
644 1113 701 1148 aree
711 1100 816 1148 culmoe.

236 1188 334 1238 Semina
344 1188 393 1236 vidi
405 1187 515 1250 equidem
528 1187 620 1236 multoe
631 1187 752 1236 medicare
762 1195 880 1247 retentes,

203 1277 235 1326 Et
246 1277 312 1326 nitro
320 1277 386 1340 prius
398 1285 423 1326 et
433 1278 503 1338 nigra
512 1277 658 1340 perfundere
668 1290 780 1326 amureaz

203 1365 326 1415 Grandior
337 1373 365 1414 ut
376 1366 439 1414 seme
451 1365 544 1427 eiliqnin
556 1365 683 1415 fallacibus
693 1374 773 1427 eeeet;

203 1455 245 1515 Er,
257 1454 365 1516 quamvis
377 1453 427 1516 igni
438 1455 536 1516 eximo,
549 1463 677 1517 properata
687 1454 821 1503 maderent.

202 1543 259 1592 Vidi
269 1545 332 1593 lecta
342 1543 419 1592 diuet
430 1545 509 1593 multo
522 1551 629 1606 spectata
638 1544 723 1592 labore

203 1635 354 1695 Degenerare
365 1641 459 1682 tamen:
479 1633 505 1681 ni
516 1633 552 1682 vie
562 1633 673 1682 humane
682 1632 814 1693 quotannis

203 1724 322 1772 Maxuma
332 1735 434 1784 queque
445 1735 520 1770 menn
531 1721 640 1782 legeret3
657 1720 693 1769 eie
703 1721 790 1769 omniu
797 1720 854 1770 latia

202 1813 231 1860 ln
240 1811 308 1874 pejus
318 1825 399 1871 ruere,
411 1825 439 1859 ae
450 1819 516 1860 retro
527 1811 640 1873 sublapsa
647 1810 742 1860 referri.

202 1903 259 1950 Non
271 1901 352 1961 aliter,
365 1912 439 1963 quarn
449 1900 492 1962 qui
504 1901 606 1949 adverso
618 1899 661 1949 rix
671 1901 774 1950 {lumine
784 1902 893 1950 lembum

201 1989 316 2050 Remigiis
327 1989 427 2051 subigit,
446 1989 467 2038 ei
479 1989 581 2039 brachia
593 1992 657 2039 forte
671 1990 777 2051 remisit,

199 2078 280 2138 Atque
291 2076 361 2126 illum
372 2077 397 2126 iu
409 2091 516 2141 praecepe
527 2093 608 2141 pruno
619 2078 684 2140 rapit
694 2078 779 2126 alvena
790 2078 866 2128 amni.

209 2161 217 2172 ‘
233 2167 353 2216 Preterea
368 2175 419 2215 tam
432 2174 489 2216 eunt
501 2167 602 2216 Arcturi
613 2166 693 2215 ridere
703 2166 775 2215 nobie

201 2254 382 2316 Haedorumque
398 2255 449 2303 dieu
462 2255 574 2304 seruandi
585 2264 611 2304 et
622 2254 717 2304 lncidne
728 2255 832 2316 Angue,

200 2344 280 2397 Quem
292 2343 379 2406 quibua
392 2343 418 2392 in
430 2342 535 2406 patriam
547 2351 651 2396 ventosa
660 2348 814 2406 peraequum
825 2343 898 2392 rectie

201 2435 293 2482 Pontus
305 2442 330 2482 et
340 2433 450 2483 ostriferi
462 2433 544 2483 fauces
556 2441 684 2482 tentantur
694 2432 781 2496 Abydi.

199 2521 273 2571 Libra
283 2522 322 2571 dle
334 2522 462 2584 somnique
472 2536 542 2586 paren
553 2522 596 2571 ubi
607 2521 695 2571 iecerit
704 2522 790 2582 berae,

198 2611 231 2659 Et
242 2611 349 2660 medium
359 2611 410 2660 luci
418 2620 489 2672 aeque
501 2611 595 2660 umbrie
603 2613 655 2671 jam
665 2609 752 2658 dividit
762 2611 861 2660 orbem:

198 2701 327 2760 Exereete‚
338 2699 395 2760 viri,
407 2708 508 2760 tauron
526 2698 600 2747 serite
610 2697 703 2746 hordea
712 2698 805 2761 eampis

199 2791 283 2851 Ueque
295 2790 340 2837 sub
352 2795 489 2836 extremum
500 2788 594 2836 brumae
604 2786 765 2836 innarrabilis
777 2787 881 2837 imbrem
891 2807 901 2848 ς

200 2878 251 2926 Nec
263 2892 312 2926 non
325 2885 350 2925 et
360 2875 407 2925 lini
417 2884 522 2937 segetem
533 2883 559 2924 et
570 2876 672 2926 Cereale
682 2890 785 2939 papaver

198 2969 305 3028 Tempus
315 2967 392 3015 humo
403 2973 503 3029 tegere3
521 2974 546 3014 et
553 2964 699 3027 jamdudum
710 2966 851 3014 incumbere
861 2965 960 3014 aratris:

198 3056 264 3102 Dum
276 3053 340 3102 elem
349 3055 437 3103 tellure
449 3054 516 3116 lieet,
530 3053 590 3103 dum
599 3053 685 3102 nubila
696 3053 811 3116 pendent.

197 3144 260 3190 Vere
271 3141 332 3190 fabis
343 3141 422 3206 eati03
439 3150 492 3190 tum
504 3150 528 3190 re
540 3156 645 3204 quoqne,
658 3141 763 3201 Mediue,
776 3149 861 3205 putrer
