2334 3734
401 513 559 567 AEntltroos
577 517 640 566 lle.
658 517 703 566 111.
908 523 952 570 191

151 644 242 692 Vemm
253 644 349 705 eadem,
361 657 431 694 uerso
440 645 522 696 tenuis
532 661 609 708 quum
618 647 718 698 cardine
729 655 814 698 venum

152 733 255 796 lupulit,
266 742 292 784 et
302 742 399 784 tenuas
410 735 517 786 mrbavit
524 738 601 798 janua
609 737 715 798 frondis,

151 825 290 888 Numquam
302 821 389 875 deinde
399 840 460 875 cavo
470 825 598 878 volitantia
607 829 726 891 prendere
737 843 807 891 saxo,

151 917 205 964 Nec
214 930 328 966 revocare
338 917 410 977 situs,
421 925 464 965 aut
471 919 575 979 jungere
584 919 694 968 carmina
703 928 780 970 curat.

151 1007 287 1056 inconsulti
297 1008 397 1067 abeunt,
409 1007 539 1070 sedemque
549 1007 623 1058 odere
634 1009 740 1074 Sibylla.

154 1096 200 1146 llic
210 1096 256 1146 tibi
266 1112 299 1146 ne
309 1112 358 1160 qua
368 1112 444 1148 morae
454 1099 547 1149 fuerint
555 1100 682 1164 dispendia
691 1101 770 1164 tanti3

152 1185 268 1239 Quemvis
279 1185 425 1251 increpitent
431 1189 502 1250 socii,
513 1197 538 1238 et
547 1189 572 1239 vi
583 1204 669 1240 cursus
680 1191 706 1238 in
717 1191 795 1240 altum

152 1276 213 1324 Vela
224 1283 303 1335 vooet,
314 1276 441 1340 possisque
450 1279 520 1328 sinus
530 1279 625 1342 inplere
637 1279 772 1342 secundos3

152 1365 217 1420 Quin
229 1365 301 1415 adeas
311 1375 400 1428 ratem,
411 1369 570 1430 precibusque
580 1370 780 1432 oraculaposcas.

153 1458 207 1520 lpse
216 1466 299 1519 canat,
310 1473 442 1521 nouemque
452 1459 538 1508 voleus
548 1457 676 1524 atquejora
686 1460 801 1509 resolvat.

152 1547 198 1597 llla
208 1547 253 1597 tibi
265 1550 341 1598 ltaliae
351 1550 466 1612 populos,
476 1555 626 1610 venturaque
636 1549 711 1609 bella,

152 1639 194 1699 Et,
202 1653 251 1700 quo
262 1653 382 1702 quemque
393 1638 467 1687 modo
478 1638 606 1701 fugiasque
617 1637 728 1700 ferasque
740 1638 859 1698 laborem,

153 1727 287 1791 Expediet;
303 1743 436 1791 cursusque
447 1727 515 1778 danic
524 1735 639 1778 venerata
649 1728 777 1779 secundos.

154 1822 212 1870 llaec
223 1828 290 1881 sunt,
302 1834 356 1883 que
365 1826 450 1870 nostra
459 1820 532 1870 liceat
541 1828 566 1870 te
576 1834 635 1869 voce
647 1818 750 1870 moneri.

153 1910 220 1959 Vade
229 1925 283 1972 age,
291 1919 317 1959 et
326 1910 449 1972 ingentem
460 1910 530 1960 factis
539 1912 576 1960 ter
587 1912 618 1960 ad
629 1912 722 1962 aethera
732 1911 842 1973 lislam.

186 2003 247 2056 Qum
257 2008 385 2064 postquam
395 2009 461 2051 vates
469 2002 504 2050 sic
514 2016 558 2050 ore
568 2003 654 2052 effatus
665 2002 743 2052 amico
753 2009 806 2052 est:

155 2093 226 2140 Dona
236 2091 324 2141 dehinc
331 2105 392 2140 auro
403 2091 485 2152 gravia
495 2098 609 2152 sectoque
619 2092 749 2155 elephanto

155 2183 261 2246 imperat
270 2182 301 2230 sd
309 2181 377 2230 uaris
387 2180 458 2238 ferri,
469 2179 590 2241 stipatque
600 2179 689 2229 carinis

155 2275 242 2334 lugens
253 2280 391 2334 argentum,
403 2269 589 2331 Dodonaeosque
598 2269 701 2328 lebetes,

155 2362 266 2413 Loricam
276 2367 415 2412 consertum
425 2358 505 2407 hamis
516 2371 624 2420 auroque
633 2355 748 2416 trilicem,

156 2454 189 2501 Et
198 2466 289 2502 conum
299 2450 402 2512 insignis
412 2450 498 2512 galeae,
508 2448 643 2510 cristasque
652 2443 783 2505 comantis,

155 2544 233 2591 Arma
243 2540 408 2604 Neoptolemi.
441 2540 505 2588 Sunt
515 2546 540 2587 et
549 2552 594 2586 sua
605 2537 670 2585 dona
680 2533 783 2598 parenti.

157 2631 233 2681 Addit
243 2645 328 2693 equos,
341 2631 455 2693 additque
466 2630 556 2690 duces3

157 2721 294 2784 Remigium
304 2723 418 2786 supplet;
435 2723 515 2773 socios
526 2721 600 2771 simul
611 2718 711 2770 iustruit
720 2717 804 2768 mmis.

191 2816 288 2864 Interea
298 2815 400 2863 classem
411 2815 471 2862 velis
480 2820 564 2876 aptare
573 2811 674 2875 lubebat
696 2817 699 2824 ’

158 2905 288 2965 Anchises,
300 2905 369 2953 lieret
378 2913 450 2954 rento
462 2917 531 2952 mora
542 2917 573 2952 ne
581 2916 629 2964 qua
637 2899 734 2950 ferenti.
785 2941 803 2963 ,

158 2996 238 3050 Quem
247 2995 334 3044 Plroebi
345 2994 465 3057 interpres
476 2995 555 3042 multo
564 2992 688 3056 conpellat
697 2991 791 3038 honore
800 3006 806 3037 ε

160 3084 291 3147 Coniugio,
302 3084 420 3144 Anchisa,
431 3083 533 3133 Veneris
542 3083 640 3144 dignate
649 3080 766 3143 superbo,

160 3178 226 3227 Cura
236 3178 320 3240 deum,
331 3177 370 3228 bis
382 3175 519 3239 Pergameis
528 3181 611 3237 erepte
621 3171 710 3232 ruinis,
749 3209 751 3214 .
