2334 3734
187 516 237 572 250
410 522 437 568 P.
453 476 592 569 visolhu
609 517 763 568 MARONIS
851 569 858 580 ,

188 653 299 713 AEgram,
311 648 488 712 indignantem,
499 648 543 698 tali
553 646 619 708 qnod
629 646 683 696 sol'a
692 647 786 696 careret

189 743 304 801 Munere,
315 754 360 788 nec
370 738 472 788 meritos
482 737 596 788 Anchisae
604 737 710 785 inferret
720 737 849 786 honores..

190 832 248 878 llaec
259 823 338 877 effata.

189 922 222 967 At
234 927 324 966 matres
335 917 427 980 primo,
439 917 568 980 ancipites,
579 903 705 979 oculisque
716 915 832 978 malignis
931 911 933 915 ’

188 1007 325 1069 Ambigua,
338 1014 453 1069 spectare·
459 1007 529 1066 ratis,
540 1007 658 1056 miserum
670 1007 854 1056 interamnem
890 1056 894 1066 ,

189 1097 319 1146 Praesentis
330 1105 411 1157 terra,
424 1096 652 1158 fatisquevocantia
661 1110 747 1158 regnas

189 1188 273 1242 Quum
284 1186 329 1234 dea
339 1201 366 1234 se
375 1186 475 1248 paribus
486 1200 529 1248 per
540 1187 632 1234 coelum
644 1186 744 1236 sustulit
755 1185 812 1247 alis,

188 1277 363 1337 lugentemque
372 1275 431 1336 iuga
441 1275 519 1324 secuit
529 1276 574 1323 snb
587 1276 691 1325 nubibus
703 1290 796 1326 arcum.

183 1368 252 1414 ‘lum
264 1379 322 1413 vero
334 1365 450 1414 adtonitas
462 1365 591 1426 monstris,
604 1374 709 1428 actaeque
720 1367 814 1427 furore,

190 1455 361 1513 Conclamant,
373 1455 517 1517 rapiuntque
530 1455 591 1504 focis
602 1456 768 1518 penetralibus
780 1455 878 1518 ignem3

190 1549 248 1595 Pars
260 1547 367 1610 spoliant
375 1556 442 1606 aras,
452 1534 567 1595 frondem
578 1561 607 1596 ac
616 1548 722 1608 virgulta
733 1548 847 1610 facesque

189 1638 337 1698 conjiciunt.
371 1639 442 1686 Furit
452 1637 559 1686 inmissis
570 1639 694 1687 Volcanus
706 1637 807 1687 habenis

182 1729 307 1776 .'lhanstra
316 1742 360 1790 per
371 1736 399 1776 et
407 1741 489 1776 remos
499 1736 526 1776 et
536 1728 612 1790 pictas
623 1727 702 1776 abiete
714 1728 811 1792 puppis..

188 1817 296 1866 Nuntius
307 1817 421 1865 Anchisae
433 1817 464 1864 ad
473 1818 598 1865 tumulum
610 1831 749 1879 cuneosque
760 1819 849 1868 theatri

189 1905 302 1955 Incensos
313 1908 406 1968 perfert
416 1906 485 1953 navis
496 1907 614 1954 Eumelus
625 1926 632 1968 3
650 1914 675 1954 et
686 1907 733 1970 ipsi

188 1996 329 2058 Respiciunt
339 2004 418 2044 atram
429 1996 455 2043 in
468 1995 554 2044 nimbo
565 1995 668 2045 volitare
679 1997 796 2048 millam.

188 2085 285 2135 Primus
297 2093 323 2134 et
333 2084 463 2144 Manius,
474 2099 560 2134 cursus
571 2094 601 2135 ut
610 2085 681 2136 latus
693 2087 811 2150 equestris

188 2176 307 2236 Ducebat,
319 2175 354 2224 sic
364 2189 419 2224 aoer
430 2189 494 2238 equo
506 2177 604 2226 turbata
615 2160 700 2238 petivit

189 2265 289 2328 Castra3
306 2279 352 2314 nec
362 2266 487 2316 exanimes
497 2275 600 2329 possunt
610 2267 718 2316 retinere
728 2265 849 2328 magistris

188 2355 249 2410 Quis
261 2357 330 2407 huon
341 2356 387 2407 iste
399 2359 497 2428 noum?
516 2371 653 2420 quonum,
665 2372 713 2419 quo
724 2356 932 2419 andiasinqnit,

24 2432 26 2435 ⁵
99 2506 102 2510 Δ
188 2447 244 2494 Heu
254 2447 350 2496 miserae
360 2448 442 2496 cives?
461 2462 512 2496 non
524 2449 631 2508 hostem,
645 2447 792 2510 inimicaque
804 2454 884 2496 castra

187 2536 323 2598 Argivnm3
338 2545 433 2585 vestras
444 2551 498 2599 spes
509 2537 590 2585 uritis.
624 2539 672 2600 En,
684 2550 728 2599 ego
741 2544 819 2585 vester

187 2624 323 2692 Ascanius:
342 2626 436 2685 galeam
447 2633 504 2673 ante
515 2625 588 2687 pedes
599 2627 701 2690 projecit
711 2626 820 2688 inanem,

188 2715 243 2768 Qua
255 2714 313 2762 ludo
324 2715 424 2763 indutus
434 2715 493 2762 belli
504 2715 637 2765 simulacra
647 2717 734 2766 ciebat.
757 2717 758 2722 ’

186 2802 317 2852 Adcelerat
328 2803 402 2852 simnl
413 2805 515 2866 AEneas,
527 2805 602 2855 simul
613 2807 710 2868 agmina
715 2807 851 2856 Teucrum.

123 2956 125 2966 ‚
188 2895 235 2941 Ast
245 2892 295 2942 illae
306 2893 402 2957 diuersa
414 2904 481 2944 metu
492 2910 535 2959 per
546 2894 621 2945 litora
631 2896 721 2964 passim

189 2985 343 3048 Diffugiunt,
361 2988 492 3050 silvasque,
504 2996 529 3037 et
539 2987 617 3037 sicubi
628 2998 734 3036 concava
744 2987 830 3036 furtim
900 3037 905 3044 κ

189 3075 264 3136 Saxa,
275 3084 371 3139 petunt.
404 3079 474 3139 Piget
483 3078 584 3140 incepti,
597 3077 723 3141 lucisque3
740 3091 846 3140 suosque

190 3163 291 3213 Mutata
302 3165 469 3227 adgnoscunt,
475 3179 626 3229 excussaque
635 3175 733 3230 pectore
744 3163 811 3219 luno
824 3173 869 3214 est.
