2334 3734
206 523 254 571 292
429 522 456 568 P.
472 520 612 567 vluulull
629 518 782 569 MARONIS

208 648 266 699 Urit
276 647 402 697 odoratum
413 654 535 696 nocturne
545 647 572 695 in
583 646 678 695 luminu
689 646 799 707 cedrum,

204 741 298 799 Arguto
309 736 387 785 tenuis
400 750 541 799 percurrens
553 732 649 797 pectine
660 736 728 784 telas.
758 802 762 809 ι

208 826 273 875 Hinc
283 826 394 875 exaudiri
404 826 507 886 geminis
518 825 609 886 iraeque
619 826 729 883 leonum,

204 915 292 964 Vincla
302 921 466 973 recusantum,
478 922 503 962 et
513 927 567 962 seru
576 915 622 962 sub
634 921 705 963 nocte
716 900 861 976 rudentum,

206 1004 362 1065 setigerique
372 1018 438 1063 sues,
449 1010 520 1063 atque
542 1002 568 1048 in
579 1001 726 1063 presepibus
737 1002 789 1050 ursi
829 1066 834 1072 .

206 1094 306 1153 Saeure,
318 1108 346 1141 uc
357 1094 443 1141 iormae
455 1106 599 1152 magnorum
611 1091 706 1139 ululare
717 1092 830 1153 luporum
840 1110 848 1151 ;

206 1185 274 1236 Quos
285 1182 414 1230 hominum
426 1195 457 1229 ex
469 1180 531 1229 facie
542 1180 588 1227 deu
601 1194 663 1228 saevu
674 1179 812 1242 potentibus
826 1178 908 1227 herbis

207 1269 323 1317 Induerat
333 1267 404 1317 Circe
414 1269 439 1315 in
450 1268 530 1315 voltus
542 1281 569 1315 ue
578 1275 646 1328 terga
657 1268 772 1315 ferarum.

201 1357 268 1412 ,Quae
280 1368 312 1403 ne
319 1362 429 1402 monstra
438 1354 472 1415 pii
483 1361 623 1416 paterentur
634 1355 692 1402 talin
702 1357 780 1405 'lieet

206 1443 286 1492 Deluti
297 1444 323 1491 in
335 1450 430 1504 portus,
442 1457 490 1490 neu
501 1443 574 1491 litora
586 1444 639 1491 dira
650 1444 775 1492 subirent:
807 1456 809 1461 ·

207 1534 335 1593 Neptunus
345 1532 422 1580 ventis
434 1532 534 1593 inplevit
544 1533 598 1579 vela
609 1532 731 1590 secundis,

207 1620 287 1680 Atque
299 1619 380 1678 fugam
392 1619 468 1679 dedit,
480 1627 505 1667 et
514 1628 602 1681 praeter
613 1620 674 1667 vedu
684 1619 776 1667 fervida
785 1618 859 1667 vexit.

208 1707 312 1767 Jamque
323 1708 463 1755 rubescebat
474 1707 548 1754 radiis
560 1720 638 1766 mare,
649 1714 674 1754 et
684 1708 773 1755 nuere
786 1708 815 1755 ab
826 1707 875 1755 ulto

208 1794 342 1843 Auroru'in
353 1795 429 1842 roseis
441 1796 547 1855 fulgebat
557 1797 624 1844 lutea
635 1794 708 1855 bigis:

209 1884 291 1936 Quum
303 1867 367 1931 venti
379 1896 490 1943 posuere,
502 1882 630 1943 omnisque
642 1888 739 1943 repente
751 1880 841 1931 resedit

210 1970 293 2019 Plutus
304 1977 329 2017 et
339 1970 365 2017 iu
377 1970 443 2017 lento
455 1970 579 2017 luctantur
590 1983 711 2017 marmore
722 1977 808 2019 wnsae.

211 2059 291 2119 Atque
301 2056 341 2105 hic
352 2058 441 2104 AEneus
451 2056 573 2116 ingentem
583 2072 619 2121 ex·
626 2071 722 2117 aequore
732 2059 814 2106 lucum

213 2144 341 2205 Prospicit.
375 2145 447 2191 Hune
457 2144 521 2192 inter
532 2145 606 2193 durio
617 2144 747 2193 Tiberinus
759 2160 865 2205 amoeno,

210 2232 348 2281 Vorticibus
359 2233 459 2295 rapidis,
470 2241 495 2282 et
506 2235 584 2282 multu
595 2234 671 2283 davus
682 2247 766 2293 erens,

108 2343 112 2351 ·
211 2324 240 2369 ln
252 2335 318 2370 mure
329 2322 474 2385 prorumpit.
506 2324 586 2372 Vurice
598 2324 736 2385 circumque
747 2337 865 2386 supraque

209 2409 323 2457 Adsuetae
334 2410 394 2472 ripis
404 2412 515 2459 volucres
525 2419 551 2459 et
561 2411 669 2460 fluminis
681 2413 749 2461 alveo

209 2497 311 2547 AEtheru
321 2499 457 2546 mulcebunt
471 2507 553 2568 cuntp,
565 2499 669 2561 lucoque
681 2501 801 2548 volebant.

210 2586 317 2634 Flectere
329 2585 374 2633 iter
385 2585 456 2634 sociis
468 2594 585 2647 terraeque
596 2588 719 2637 advertere
730 2602 814 2651 proras

210 2672 326 2733 Imperat,
337 2680 362 2719 et
369 2674 440 2719 laetus
451 2673 525 2721 durio
536 2675 642 2724 succedit
652 2690 735 2737 opaco.
782 2718 786 2724 .

150 2819 153 2826 .
242 2761 314 2806 Nunc
325 2774 377 2819 nge,
388 2760 430 2821 qui
441 2774 519 2821 reges,
532 2764 617 2823 Bruto,
631 2778 683 2826 quae
694 2771 804 2824 tempora
815 2778 907 2823 rerum,

211 2846 272 2900 Quis
284 2847 353 2895 Latio
365 2846 464 2909 antiquo
476 2849 549 2898 suerit
559 2858 646 2909 status,
655 2849 749 2897 'advena
759 2850 859 2899 classem

209 2937 290 2989 Quum
301 2935 408 2996 primum
418 2939 534 2987 Ausoniis
546 2940 667 2988 exercitus
679 2939 776 3002 adpulit
783 2941 843 3001 orie,

211 3022 353 3083 Expeditum,
364 3031 389 3072 et
399 3024 483 3086 primae
494 3028 610 3074 revocabo
620 3028 721 3076 exordio
732 3042 835 3091 pugnae;

209 3110 248 3157 ‘ru
260 3118 348 3170 vatem,
360 3119 398 3170 tu,
409 3112 473 3171 diva,
485 3127 565 3161 mone.
600 3115 684 3163 Dicam
697 3116 796 3164 horrida
807 3116 888 3177 bellu;
