<?xml version="1.0" encoding="UTF-8"?>
<!DOCTYPE html PUBLIC "-//W3C//DTD XHTML 1.0 Transitional//EN"
    "http://www.w3.org/TR/xhtml1/DTD/xhtml1-transitional.dtd">
<html xmlns="http://www.w3.org/1999/xhtml" xml:lang="en" lang="en">
 <head>
  <title>
</title>
<meta http-equiv="Content-Type" content="text/html;charset=utf-8" />
  <meta name='ocr-system' content='tesseract 3.04.00' />
  <meta name='ocr-capabilities' content='ocr_page ocr_carea ocr_par ocr_line ocrx_word'/>
</head>
<body>
  <div class='ocr_page' id='page_1' title='image "./publiivirgiliim00heyngoog/publiivirgiliim00heyngoog_0167.png"; bbox 0 0 2334 3734; ppageno 0'>
   <div class='ocr_carea' id='block_1_1' title="bbox 406 507 951 596">
    <p class='ocr_par' dir='ltr' id='par_1_1' title="bbox 406 507 951 596">
     <span class='ocr_line' id='line_1_1' title="bbox 406 507 951 596; baseline 0.002 -2"><span class='ocrx_word' id='word_1_1' title='bbox 406 545 563 596; x_wconf 79' lang='lat' dir='ltr'>AENEIDOS</span> <span class='ocrx_word' id='word_1_2' title='bbox 580 507 643 596; x_wconf 66' lang='lat' dir='ltr'>bia.</span> <span class='ocrx_word' id='word_1_3' title='bbox 661 547 695 595; x_wconf 93' lang='grc'>11.</span> <span class='ocrx_word' id='word_1_4' title='bbox 906 548 951 595; x_wconf 75' lang='grc'>155</span> 
     </span>
    </p>
   </div>
   <div class='ocr_carea' id='block_1_2' title="bbox 122 672 934 3247">
    <p class='ocr_par' dir='ltr' id='par_1_2' title="bbox 146 672 804 827">
     <span class='ocr_line' id='line_1_2' title="bbox 147 672 804 739; baseline 0.003 -17"><span class='ocrx_word' id='word_1_5' title='bbox 147 674 196 725; x_wconf 89' lang='lat' dir='ltr'>Hei</span> <span class='ocrx_word' id='word_1_6' title='bbox 207 672 279 736; x_wconf 89' lang='lat' dir='ltr'>mihi,</span> <span class='ocrx_word' id='word_1_7' title='bbox 290 674 369 738; x_wconf 84' lang='lat' dir='ltr'>qualis</span> <span class='ocrx_word' id='word_1_8' title='bbox 381 680 449 726; x_wconf 84' lang='lat' dir='ltr'>erat!</span> <span class='ocrx_word' id='word_1_9' title='bbox 468 684 587 739; x_wconf 87' lang='lat' dir='ltr'>qnantum</span> <span class='ocrx_word' id='word_1_10' title='bbox 598 683 706 725; x_wconf 88' lang='lat' dir='ltr'>mutatus</span> <span class='ocrx_word' id='word_1_11' title='bbox 717 675 804 724; x_wconf 83' lang='lat' dir='ltr'>abillo</span> 
     </span>
     <span class='ocr_line' id='line_1_3' title="bbox 146 764 725 827; baseline 0 -14"><span class='ocrx_word' id='word_1_12' title='bbox 146 766 265 826; x_wconf 80' lang='lat' dir='ltr'><strong>Hectore,</strong></span> <span class='ocrx_word' id='word_1_13' title='bbox 277 766 318 827; x_wconf 93' lang='lat' dir='ltr'>qui</span> <span class='ocrx_word' id='word_1_14' title='bbox 329 765 392 815; x_wconf 85' lang='lat' dir='ltr'>redit</span> <span class='ocrx_word' id='word_1_15' title='bbox 401 766 500 815; x_wconf 65' lang='lat' dir='ltr'>aurias</span> <span class='ocrx_word' id='word_1_16' title='bbox 511 765 612 814; x_wconf 84' lang='lat' dir='ltr'>indutus</span> <span class='ocrx_word' id='word_1_17' title='bbox 622 764 725 827; x_wconf 79' lang='lat' dir='ltr'>Achiui,</span> 
     </span>
    </p>

    <p class='ocr_par' dir='ltr' id='par_1_3' title="bbox 145 852 934 1273">
     <span class='ocr_line' id='line_1_4' title="bbox 146 852 802 919; baseline 0.005 -18"><span class='ocrx_word' id='word_1_18' title='bbox 146 855 193 903; x_wconf 88' lang='lat' dir='ltr'>Vel</span> <span class='ocrx_word' id='word_1_19' title='bbox 206 856 319 903; x_wconf 88' lang='lat' dir='ltr'>Danaum</span> <span class='ocrx_word' id='word_1_20' title='bbox 331 855 448 919; x_wconf 78' lang='lat' dir='ltr'>Phrygios</span> <span class='ocrx_word' id='word_1_21' title='bbox 456 856 579 916; x_wconf 90' lang='lat' dir='ltr'>jaculatus</span> <span class='ocrx_word' id='word_1_22' title='bbox 590 854 710 918; x_wconf 89' lang='lat' dir='ltr'>puppibus</span> <span class='ocrx_word' id='word_1_23' title='bbox 720 852 802 915; x_wconf 76' lang='lat' dir='ltr'>ignis!</span> 
     </span>
     <span class='ocr_line' id='line_1_5' title="bbox 146 942 824 1005; baseline -0.001 -13"><span class='ocrx_word' id='word_1_24' title='bbox 146 944 305 1005; x_wconf 85' lang='lat' dir='ltr'>Squalentem</span> <span class='ocrx_word' id='word_1_25' title='bbox 313 945 425 1005; x_wconf 86' lang='lat' dir='ltr'>barbam,</span> <span class='ocrx_word' id='word_1_26' title='bbox 436 950 462 993; x_wconf 88' lang='lat' dir='ltr'>et</span> <span class='ocrx_word' id='word_1_27' title='bbox 472 950 598 992; x_wconf 85' lang='lat' dir='ltr'>concretos</span> <span class='ocrx_word' id='word_1_28' title='bbox 610 943 728 1005; x_wconf 78' lang='lat' dir='ltr'>sanguine</span> <span class='ocrx_word' id='word_1_29' title='bbox 737 942 824 1004; x_wconf 85' lang='lat' dir='ltr'>crinis,</span> 
     </span>
     <span class='ocr_line' id='line_1_6' title="bbox 145 1032 847 1094; baseline 0.001 -14"><span class='ocrx_word' id='word_1_30' title='bbox 145 1032 302 1094; x_wconf 80' lang='lat' dir='ltr'><strong>volneraque</strong></span> <span class='ocrx_word' id='word_1_31' title='bbox 313 1032 357 1081; x_wconf 89' lang='lat' dir='ltr'>illa</span> <span class='ocrx_word' id='word_1_32' title='bbox 368 1036 464 1094; x_wconf 76' lang='lat' dir='ltr'>gorens,</span> <span class='ocrx_word' id='word_1_33' title='bbox 476 1046 531 1094; x_wconf 83' lang='lat' dir='ltr'>quae</span> <span class='ocrx_word' id='word_1_34' title='bbox 543 1032 636 1081; x_wconf 88' lang='lat' dir='ltr'>circum</span> <span class='ocrx_word' id='word_1_35' title='bbox 647 1032 754 1094; x_wconf 87' lang='lat' dir='ltr'>plurima</span> <span class='ocrx_word' id='word_1_36' title='bbox 764 1046 847 1082; x_wconf 90' lang='lat' dir='ltr'>muros</span> 
     </span>
     <span class='ocr_line' id='line_1_7' title="bbox 145 1120 934 1204; baseline -0.001 -35"><span class='ocrx_word' id='word_1_37' title='bbox 145 1120 251 1184; x_wconf 84' lang='lat' dir='ltr'>Adcepit</span> <span class='ocrx_word' id='word_1_38' title='bbox 262 1120 361 1184; x_wconf 85' lang='lat' dir='ltr'>patrios.</span> <span class='ocrx_word' id='word_1_39' title='bbox 398 1122 471 1171; x_wconf 86' lang='lat' dir='ltr'>Ultro</span> <span class='ocrx_word' id='word_1_40' title='bbox 483 1121 608 1184; x_wconf 86' lang='lat' dir='ltr'>flensipse</span> <span class='ocrx_word' id='word_1_41' title='bbox 618 1120 716 1169; x_wconf 84' lang='lat' dir='ltr'>videbar</span> <span class='ocrx_word' id='word_1_42' title='bbox 912 1154 934 1204; x_wconf 42' lang='grc' dir='ltr'><strong>ς</strong></span> 
     </span>
     <span class='ocr_line' id='line_1_8' title="bbox 146 1210 792 1273; baseline -0.005 -13"><span class='ocrx_word' id='word_1_43' title='bbox 146 1210 294 1273; x_wconf 85' lang='lat' dir='ltr'>Conpeilare</span> <span class='ocrx_word' id='word_1_44' title='bbox 303 1211 394 1271; x_wconf 85' lang='lat' dir='ltr'>virum,</span> <span class='ocrx_word' id='word_1_45' title='bbox 405 1219 431 1260; x_wconf 86' lang='lat' dir='ltr'>et</span> <span class='ocrx_word' id='word_1_46' title='bbox 441 1219 538 1260; x_wconf 77' lang='lat' dir='ltr'>mestas</span> <span class='ocrx_word' id='word_1_47' title='bbox 550 1224 697 1273; x_wconf 82' lang='lat' dir='ltr'>expromere</span> <span class='ocrx_word' id='word_1_48' title='bbox 706 1223 792 1258; x_wconf 81' lang='lat' dir='ltr'>voces:</span> 
     </span>
    </p>

    <p class='ocr_par' dir='ltr' id='par_1_4' title="bbox 146 1300 749 1363">
     <span class='ocr_line' id='line_1_9' title="bbox 146 1300 749 1363; baseline -0.003 -14"><span class='ocrx_word' id='word_1_49' title='bbox 146 1300 169 1349; x_wconf 91' lang='lat'>0</span> <span class='ocrx_word' id='word_1_50' title='bbox 181 1301 227 1349; x_wconf 82' lang='lat' dir='ltr'>lux</span> <span class='ocrx_word' id='word_1_51' title='bbox 240 1300 379 1361; x_wconf 77' lang='lat' dir='ltr'>Dardaniae,</span> <span class='ocrx_word' id='word_1_52' title='bbox 391 1315 445 1363; x_wconf 83' lang='lat' dir='ltr'>spes</span> <span class='ocrx_word' id='word_1_53' title='bbox 457 1315 473 1349; x_wconf 97' lang='lat' dir='ltr'>o</span> <span class='ocrx_word' id='word_1_54' title='bbox 484 1300 604 1349; x_wconf 83' lang='lat' dir='ltr'>fidissima</span> <span class='ocrx_word' id='word_1_55' title='bbox 611 1301 749 1361; x_wconf 85' lang='lat' dir='ltr'>Teucrum,</span> 
     </span>
    </p>

    <p class='ocr_par' dir='ltr' id='par_1_5' title="bbox 144 1390 841 1904">
     <span class='ocr_line' id='line_1_10' title="bbox 146 1390 831 1456; baseline 0 -16"><span class='ocrx_word' id='word_1_56' title='bbox 146 1394 209 1447; x_wconf 87' lang='lat' dir='ltr'>Quae</span> <span class='ocrx_word' id='word_1_57' title='bbox 220 1398 296 1441; x_wconf 73' lang='lat' dir='ltr'>tanta</span> <span class='ocrx_word' id='word_1_58' title='bbox 303 1390 408 1442; x_wconf 74' lang='lat' dir='ltr'>‘tenuere</span> <span class='ocrx_word' id='word_1_59' title='bbox 419 1408 495 1442; x_wconf 81' lang='lat' dir='ltr'>morae</span> <span class='ocrx_word' id='word_1_60' title='bbox 506 1396 515 1441; x_wconf 78' lang='lat' dir='ltr'>i</span> <span class='ocrx_word' id='word_1_61' title='bbox 535 1394 624 1456; x_wconf 88' lang='lat' dir='ltr'>quibus</span> <span class='ocrx_word' id='word_1_62' title='bbox 636 1396 728 1442; x_wconf 83' lang='lat' dir='ltr'>Hector</span> <span class='ocrx_word' id='word_1_63' title='bbox 738 1393 770 1440; x_wconf 91' lang='lat' dir='ltr'>ab</span> <span class='ocrx_word' id='word_1_64' title='bbox 780 1390 831 1441; x_wconf 85' lang='lat' dir='ltr'>oris</span> 
     </span>
     <span class='ocr_line' id='line_1_11' title="bbox 144 1483 736 1546; baseline 0 -16"><span class='ocrx_word' id='word_1_65' title='bbox 144 1484 290 1545; x_wconf 82' lang='lat' dir='ltr'>Exspectate</span> <span class='ocrx_word' id='word_1_66' title='bbox 300 1483 368 1532; x_wconf 84' lang='lat' dir='ltr'>venis</span> <span class='ocrx_word' id='word_1_67' title='bbox 379 1486 388 1532; x_wconf 77' lang='lat' dir='ltr'>i</span> <span class='ocrx_word' id='word_1_68' title='bbox 407 1491 436 1533; x_wconf 90' lang='lat' dir='ltr'>ut</span> <span class='ocrx_word' id='word_1_69' title='bbox 446 1492 470 1532; x_wconf 90' lang='lat' dir='ltr'>te</span> <span class='ocrx_word' id='word_1_70' title='bbox 481 1492 538 1546; x_wconf 87' lang='lat' dir='ltr'>post</span> <span class='ocrx_word' id='word_1_71' title='bbox 549 1486 628 1533; x_wconf 84' lang='lat' dir='ltr'>muita</span> <span class='ocrx_word' id='word_1_72' title='bbox 637 1491 736 1532; x_wconf 89' lang='lat' dir='ltr'>tuorum</span> 
     </span>
     <span class='ocr_line' id='line_1_12' title="bbox 146 1572 835 1636; baseline 0 -15"><span class='ocrx_word' id='word_1_73' title='bbox 146 1573 255 1634; x_wconf 84' lang='lat' dir='ltr'>Funera,</span> <span class='ocrx_word' id='word_1_74' title='bbox 268 1581 323 1635; x_wconf 88' lang='lat' dir='ltr'>post</span> <span class='ocrx_word' id='word_1_75' title='bbox 333 1572 413 1622; x_wconf 85' lang='lat' dir='ltr'>varios</span> <span class='ocrx_word' id='word_1_76' title='bbox 424 1573 601 1636; x_wconf 85' lang='lat' dir='ltr'>hominumque</span> <span class='ocrx_word' id='word_1_77' title='bbox 611 1574 728 1636; x_wconf 76' lang='lat' dir='ltr'>urbisque</span> <span class='ocrx_word' id='word_1_78' title='bbox 739 1573 835 1621; x_wconf 83' lang='lat' dir='ltr'>labores</span> 
     </span>
     <span class='ocr_line' id='line_1_13' title="bbox 145 1662 807 1726; baseline 0 -16"><span class='ocrx_word' id='word_1_79' title='bbox 145 1662 244 1711; x_wconf 81' lang='lat' dir='ltr'>Defessi</span> <span class='ocrx_word' id='word_1_80' title='bbox 254 1662 416 1725; x_wconf 78' lang='lat' dir='ltr'>adspicimus!</span> <span class='ocrx_word' id='word_1_81' title='bbox 435 1678 489 1726; x_wconf 79' lang='lat' dir='ltr'>quoe</span> <span class='ocrx_word' id='word_1_82' title='bbox 500 1670 587 1713; x_wconf 79' lang='lat' dir='ltr'>caussa</span> <span class='ocrx_word' id='word_1_83' title='bbox 597 1663 697 1725; x_wconf 76' lang='lat' dir='ltr'>indigna</span> <span class='ocrx_word' id='word_1_84' title='bbox 708 1676 807 1711; x_wconf 88' lang='lat' dir='ltr'>serenos</span> 
     </span>
     <span class='ocr_line' id='line_1_14' title="bbox 147 1750 841 1802; baseline 0.001 -3"><span class='ocrx_word' id='word_1_85' title='bbox 147 1750 258 1800; x_wconf 85' lang='lat' dir='ltr'>Foedavit</span> <span class='ocrx_word' id='word_1_86' title='bbox 268 1753 365 1801; x_wconf 85' lang='lat' dir='ltr'>voltus?</span> <span class='ocrx_word' id='word_1_87' title='bbox 385 1761 481 1802; x_wconf 83' lang='lat' dir='ltr'>auteur</span> <span class='ocrx_word' id='word_1_88' title='bbox 493 1753 547 1802; x_wconf 84' lang='lat' dir='ltr'>haec</span> <span class='ocrx_word' id='word_1_89' title='bbox 556 1752 657 1801; x_wconf 90' lang='lat' dir='ltr'>volnera</span> <span class='ocrx_word' id='word_1_90' title='bbox 666 1754 761 1801; x_wconf 81' lang='lat' dir='ltr'>cerno?</span> <span class='ocrx_word' id='word_1_91' title='bbox 835 1772 841 1782; x_wconf 86' lang='lat'><strong>·</strong></span> 
     </span>
     <span class='ocr_line' id='line_1_15' title="bbox 147 1839 767 1904; baseline 0 -15"><span class='ocrx_word' id='word_1_92' title='bbox 147 1840 195 1889; x_wconf 93' lang='lat' dir='ltr'>Ille</span> <span class='ocrx_word' id='word_1_93' title='bbox 206 1839 283 1904; x_wconf 87' lang='lat' dir='ltr'>nihil;</span> <span class='ocrx_word' id='word_1_94' title='bbox 302 1856 346 1890; x_wconf 90' lang='lat' dir='ltr'>nee</span> <span class='ocrx_word' id='word_1_95' title='bbox 357 1855 397 1890; x_wconf 91' lang='lat' dir='ltr'>me</span> <span class='ocrx_word' id='word_1_96' title='bbox 408 1849 559 1904; x_wconf 82' lang='lat' dir='ltr'>quaerentem</span> <span class='ocrx_word' id='word_1_97' title='bbox 570 1855 633 1890; x_wconf 85' lang='lat' dir='ltr'>vana</span> <span class='ocrx_word' id='word_1_98' title='bbox 641 1850 767 1890; x_wconf 86' lang='lat' dir='ltr'>moratur:</span> 
     </span>
    </p>

    <p class='ocr_par' dir='ltr' id='par_1_6' title="bbox 148 1930 751 1995">
     <span class='ocr_line' id='line_1_16' title="bbox 148 1930 751 1995; baseline 0.002 -16"><span class='ocrx_word' id='word_1_99' title='bbox 148 1930 199 1979; x_wconf 87' lang='lat' dir='ltr'>Sed</span> <span class='ocrx_word' id='word_1_100' title='bbox 210 1930 314 1990; x_wconf 75' lang='lat' dir='ltr'>graviter</span> <span class='ocrx_word' id='word_1_101' title='bbox 324 1931 429 1992; x_wconf 77' lang='lat' dir='ltr'>gemitus</span> <span class='ocrx_word' id='word_1_102' title='bbox 440 1931 490 1979; x_wconf 89' lang='lat' dir='ltr'>imo</span> <span class='ocrx_word' id='word_1_103' title='bbox 501 1931 531 1979; x_wconf 93' lang='lat' dir='ltr'>de</span> <span class='ocrx_word' id='word_1_104' title='bbox 541 1939 639 1995; x_wconf 89' lang='lat' dir='ltr'>pectore</span> <span class='ocrx_word' id='word_1_105' title='bbox 649 1932 751 1991; x_wconf 85' lang='lat' dir='ltr'>ducens,</span> 
     </span>
    </p>

    <p class='ocr_par' dir='ltr' id='par_1_7' title="bbox 149 2018 842 2441">
     <span class='ocr_line' id='line_1_17' title="bbox 151 2018 825 2084; baseline 0.001 -16"><span class='ocrx_word' id='word_1_106' title='bbox 151 2019 208 2068; x_wconf 87' lang='lat' dir='ltr'>Heu</span> <span class='ocrx_word' id='word_1_107' title='bbox 221 2018 287 2080; x_wconf 80' lang='lat' dir='ltr'>iuge,</span> <span class='ocrx_word' id='word_1_108' title='bbox 299 2027 355 2069; x_wconf 89' lang='lat' dir='ltr'>nate</span> <span class='ocrx_word' id='word_1_109' title='bbox 365 2019 421 2080; x_wconf 83' lang='lat' dir='ltr'>dea,</span> <span class='ocrx_word' id='word_1_110' title='bbox 433 2028 506 2082; x_wconf 87' lang='lat' dir='ltr'>teque</span> <span class='ocrx_word' id='word_1_111' title='bbox 516 2020 566 2083; x_wconf 79' lang='lat' dir='ltr'>his,</span> <span class='ocrx_word' id='word_1_112' title='bbox 578 2021 623 2081; x_wconf 88' lang='lat' dir='ltr'>ait,</span> <span class='ocrx_word' id='word_1_113' title='bbox 634 2021 702 2084; x_wconf 87' lang='lat' dir='ltr'>eripe</span> <span class='ocrx_word' id='word_1_114' title='bbox 712 2020 825 2070; x_wconf 84' lang='lat' dir='ltr'>flammis.</span> 
     </span>
     <span class='ocr_line' id='line_1_18' title="bbox 152 2107 801 2173; baseline 0.002 -15"><span class='ocrx_word' id='word_1_115' title='bbox 152 2107 239 2158; x_wconf 77' lang='lat' dir='ltr'>Hostis</span> <span class='ocrx_word' id='word_1_116' title='bbox 250 2110 324 2159; x_wconf 90' lang='lat' dir='ltr'>habet</span> <span class='ocrx_word' id='word_1_117' title='bbox 335 2125 435 2173; x_wconf 81' lang='lat' dir='ltr'>muros3</span> <span class='ocrx_word' id='word_1_118' title='bbox 453 2110 503 2159; x_wconf 87' lang='lat' dir='ltr'>ruit</span> <span class='ocrx_word' id='word_1_119' title='bbox 513 2113 564 2161; x_wconf 87' lang='lat' dir='ltr'>alto</span> <span class='ocrx_word' id='word_1_120' title='bbox 576 2111 707 2161; x_wconf 87' lang='lat' dir='ltr'>acuimine</span> <span class='ocrx_word' id='word_1_121' title='bbox 718 2113 801 2172; x_wconf 77' lang='lat' dir='ltr'>Troia.</span> 
     </span>
     <span class='ocr_line' id='line_1_19' title="bbox 149 2199 842 2263; baseline -0.001 -13"><span class='ocrx_word' id='word_1_122' title='bbox 149 2202 196 2250; x_wconf 88' lang='lat' dir='ltr'>Sat</span> <span class='ocrx_word' id='word_1_123' title='bbox 207 2200 292 2262; x_wconf 82' lang='lat' dir='ltr'>patriae</span> <span class='ocrx_word' id='word_1_124' title='bbox 304 2199 449 2263; x_wconf 81' lang='lat' dir='ltr'>Priamoque</span> <span class='ocrx_word' id='word_1_125' title='bbox 460 2200 554 2249; x_wconf 87' lang='lat' dir='ltr'>datum.</span> <span class='ocrx_word' id='word_1_126' title='bbox 589 2200 616 2250; x_wconf 89' lang='lat' dir='ltr'>Si</span> <span class='ocrx_word' id='word_1_127' title='bbox 628 2203 746 2262; x_wconf 78' lang='lat' dir='ltr'>Pergama</span> <span class='ocrx_word' id='word_1_128' title='bbox 754 2200 842 2249; x_wconf 85' lang='lat' dir='ltr'>dextra</span> 
     </span>
     <span class='ocr_line' id='line_1_20' title="bbox 149 2288 762 2353; baseline -0.005 -14"><span class='ocrx_word' id='word_1_129' title='bbox 149 2289 255 2339; x_wconf 85' lang='lat' dir='ltr'>Defendi</span> <span class='ocrx_word' id='word_1_130' title='bbox 266 2297 381 2353; x_wconf 83' lang='lat' dir='ltr'>possent:</span> <span class='ocrx_word' id='word_1_131' title='bbox 398 2290 473 2339; x_wconf 88' lang='lat' dir='ltr'>etiam</span> <span class='ocrx_word' id='word_1_132' title='bbox 483 2291 529 2339; x_wconf 88' lang='lat' dir='ltr'>hac</span> <span class='ocrx_word' id='word_1_133' title='bbox 540 2290 640 2339; x_wconf 87' lang='lat' dir='ltr'>defensa</span> <span class='ocrx_word' id='word_1_134' title='bbox 650 2288 762 2337; x_wconf 86' lang='lat' dir='ltr'>fuissent.</span> 
     </span>
     <span class='ocr_line' id='line_1_21' title="bbox 149 2378 773 2441; baseline -0.006 -13"><span class='ocrx_word' id='word_1_135' title='bbox 149 2380 226 2428; x_wconf 86' lang='lat' dir='ltr'>Sacra</span> <span class='ocrx_word' id='word_1_136' title='bbox 236 2392 340 2441; x_wconf 87' lang='lat' dir='ltr'>suosque</span> <span class='ocrx_word' id='word_1_137' title='bbox 351 2378 396 2428; x_wconf 87' lang='lat' dir='ltr'>tibi</span> <span class='ocrx_word' id='word_1_138' title='bbox 407 2378 554 2427; x_wconf 87' lang='lat' dir='ltr'>conmendat</span> <span class='ocrx_word' id='word_1_139' title='bbox 562 2380 640 2438; x_wconf 80' lang='lat' dir='ltr'>TroJa</span> <span class='ocrx_word' id='word_1_140' title='bbox 655 2378 773 2425; x_wconf 80' lang='lat' dir='ltr'>Penates:</span> 
     </span>
    </p>

    <p class='ocr_par' dir='ltr' id='par_1_8' title="bbox 150 2467 787 2621">
     <span class='ocr_line' id='line_1_22' title="bbox 150 2467 787 2532; baseline -0.005 -14"><span class='ocrx_word' id='word_1_141' title='bbox 150 2469 204 2518; x_wconf 88' lang='lat' dir='ltr'>Hos</span> <span class='ocrx_word' id='word_1_142' title='bbox 216 2470 391 2532; x_wconf 72' lang='lat' dir='ltr'>superatorum</span> <span class='ocrx_word' id='word_1_143' title='bbox 401 2469 503 2518; x_wconf 86' lang='lat' dir='ltr'>comites</span> <span class='ocrx_word' id='word_1_144' title='bbox 513 2489 521 2530; x_wconf 79' lang='lat'>3</span> <span class='ocrx_word' id='word_1_145' title='bbox 537 2468 577 2517; x_wconf 86' lang='lat' dir='ltr'>his</span> <span class='ocrx_word' id='word_1_146' title='bbox 589 2467 681 2516; x_wconf 75' lang='lat' dir='ltr'>maenia</span> <span class='ocrx_word' id='word_1_147' title='bbox 692 2479 787 2527; x_wconf 75' lang='lat' dir='ltr'>quere,</span> 
     </span>
     <span class='ocr_line' id='line_1_23' title="bbox 150 2556 755 2621; baseline -0.007 -15"><span class='ocrx_word' id='word_1_148' title='bbox 150 2558 243 2618; x_wconf 78' lang='lat' dir='ltr'>Magna</span> <span class='ocrx_word' id='word_1_149' title='bbox 253 2566 377 2621; x_wconf 85' lang='lat' dir='ltr'>pererrato</span> <span class='ocrx_word' id='word_1_150' title='bbox 388 2564 479 2617; x_wconf 76' lang='lat' dir='ltr'>statues</span> <span class='ocrx_word' id='word_1_151' title='bbox 491 2572 545 2619; x_wconf 79' lang='lat' dir='ltr'>que</span> <span class='ocrx_word' id='word_1_152' title='bbox 555 2556 661 2618; x_wconf 88' lang='lat' dir='ltr'>denique</span> <span class='ocrx_word' id='word_1_153' title='bbox 670 2562 755 2618; x_wconf 87' lang='lat' dir='ltr'>ponto.</span> 
     </span>
    </p>

    <p class='ocr_par' dir='ltr' id='par_1_9' title="bbox 149 2646 794 2800">
     <span class='ocr_line' id='line_1_24' title="bbox 149 2646 794 2711; baseline -0.006 -14"><span class='ocrx_word' id='word_1_154' title='bbox 149 2646 191 2697; x_wconf 86' lang='lat' dir='ltr'>Sic</span> <span class='ocrx_word' id='word_1_155' title='bbox 202 2648 236 2697; x_wconf 90' lang='lat' dir='ltr'>ait</span> <span class='ocrx_word' id='word_1_156' title='bbox 245 2668 253 2711; x_wconf 88' lang='lat'>;</span> <span class='ocrx_word' id='word_1_157' title='bbox 270 2656 296 2697; x_wconf 88' lang='lat' dir='ltr'>et</span> <span class='ocrx_word' id='word_1_158' title='bbox 305 2648 417 2697; x_wconf 89' lang='lat' dir='ltr'>manibus</span> <span class='ocrx_word' id='word_1_159' title='bbox 427 2648 499 2697; x_wconf 86' lang='lat' dir='ltr'>vittas</span> <span class='ocrx_word' id='word_1_160' title='bbox 510 2650 658 2708; x_wconf 80' lang='lat' dir='ltr'>Vestamque</span> <span class='ocrx_word' id='word_1_161' title='bbox 669 2652 794 2709; x_wconf 85' lang='lat' dir='ltr'>potentem</span> 
     </span>
     <span class='ocr_line' id='line_1_25' title="bbox 150 2734 777 2800; baseline -0.006 -14"><span class='ocrx_word' id='word_1_162' title='bbox 150 2737 331 2799; x_wconf 82' lang='lat' dir='ltr'>AEternumque</span> <span class='ocrx_word' id='word_1_163' title='bbox 341 2736 417 2800; x_wconf 83' lang='lat' dir='ltr'>adytis</span> <span class='ocrx_word' id='word_1_164' title='bbox 428 2738 499 2786; x_wconf 74' lang='lat' dir='ltr'>effert</span> <span class='ocrx_word' id='word_1_165' title='bbox 510 2736 675 2799; x_wconf 85' lang='lat' dir='ltr'>penetralibus</span> <span class='ocrx_word' id='word_1_166' title='bbox 687 2734 777 2795; x_wconf 79' lang='lat' dir='ltr'>ignem.</span> 
     </span>
    </p>

    <p class='ocr_par' dir='ltr' id='par_1_10' title="bbox 122 2824 732 2885">
     <span class='ocr_line' id='line_1_26' title="bbox 122 2824 732 2885; baseline -0.003 -10"><span class='ocrx_word' id='word_1_167' title='bbox 122 2834 129 2847; x_wconf 87' lang='lat'>·</span> <span class='ocrx_word' id='word_1_168' title='bbox 184 2825 287 2875; x_wconf 84' lang='lat' dir='ltr'>Diverso</span> <span class='ocrx_word' id='word_1_169' title='bbox 299 2826 392 2875; x_wconf 80' lang='lat' dir='ltr'>interea</span> <span class='ocrx_word' id='word_1_170' title='bbox 402 2825 534 2878; x_wconf 83' lang='lat' dir='ltr'>miscentur</span> <span class='ocrx_word' id='word_1_171' title='bbox 546 2824 732 2885; x_wconf 81' lang='lat' dir='ltr'>moenialuetn3</span> 
     </span>
    </p>

    <p class='ocr_par' dir='ltr' id='par_1_11' title="bbox 149 2908 836 3247">
     <span class='ocr_line' id='line_1_27' title="bbox 149 2908 836 2977; baseline -0.007 -13"><span class='ocrx_word' id='word_1_172' title='bbox 149 2916 183 2965; x_wconf 84' lang='lat' dir='ltr'>Et</span> <span class='ocrx_word' id='word_1_173' title='bbox 193 2914 270 2977; x_wconf 75' lang='lat' dir='ltr'>magis</span> <span class='ocrx_word' id='word_1_174' title='bbox 282 2922 355 2977; x_wconf 87' lang='lat' dir='ltr'>atque</span> <span class='ocrx_word' id='word_1_175' title='bbox 366 2914 453 2976; x_wconf 73' lang='lat' dir='ltr'>magis,</span> <span class='ocrx_word' id='word_1_176' title='bbox 460 2908 614 2976; x_wconf 82' lang='lat' dir='ltr'>¹quamquam</span> <span class='ocrx_word' id='word_1_177' title='bbox 624 2919 718 2961; x_wconf 81' lang='lat' dir='ltr'>secreta</span> <span class='ocrx_word' id='word_1_178' title='bbox 727 2910 836 2974; x_wconf 87' lang='lat' dir='ltr'>parentis</span> 
     </span>
     <span class='ocr_line' id='line_1_28' title="bbox 150 2999 777 3067; baseline -0.013 -11"><span class='ocrx_word' id='word_1_179' title='bbox 150 3004 265 3056; x_wconf 73' lang='lat' dir='ltr'>Anchise</span> <span class='ocrx_word' id='word_1_180' title='bbox 274 3005 363 3055; x_wconf 88' lang='lat' dir='ltr'>domus</span> <span class='ocrx_word' id='word_1_181' title='bbox 373 3005 548 3067; x_wconf 84' lang='lat' dir='ltr'>arboribusque</span> <span class='ocrx_word' id='word_1_182' title='bbox 559 3004 656 3051; x_wconf 85' lang='lat' dir='ltr'>obtecta</span> <span class='ocrx_word' id='word_1_183' title='bbox 666 2999 777 3060; x_wconf 85' lang='lat' dir='ltr'>recessit,</span> 
     </span>
     <span class='ocr_line' id='line_1_29' title="bbox 152 3087 819 3154; baseline -0.013 -9"><span class='ocrx_word' id='word_1_184' title='bbox 152 3095 299 3145; x_wconf 80' lang='lat' dir='ltr'>clarescunt</span> <span class='ocrx_word' id='word_1_185' title='bbox 309 3094 416 3143; x_wconf 73' lang='lat' dir='ltr'>sonitus:</span> <span class='ocrx_word' id='word_1_186' title='bbox 434 3090 608 3154; x_wconf 87' lang='lat' dir='ltr'>a&#39;rmorumque</span> <span class='ocrx_word' id='word_1_187' title='bbox 618 3087 712 3150; x_wconf 77' lang='lat' dir='ltr'>ingruit</span> <span class='ocrx_word' id='word_1_188' title='bbox 721 3088 819 3138; x_wconf 86' lang='lat' dir='ltr'>horror.</span> 
     </span>
     <span class='ocr_line' id='line_1_30' title="bbox 152 3177 700 3247; baseline -0.015 -12"><span class='ocrx_word' id='word_1_189' title='bbox 152 3183 273 3235; x_wconf 85' lang='lat' dir='ltr'>Excutior</span> <span class='ocrx_word' id='word_1_190' title='bbox 283 3198 383 3247; x_wconf 85' lang='lat' dir='ltr'>somno,</span> <span class='ocrx_word' id='word_1_191' title='bbox 394 3191 420 3234; x_wconf 90' lang='lat' dir='ltr'>et</span> <span class='ocrx_word' id='word_1_192' title='bbox 430 3182 520 3233; x_wconf 88' lang='lat' dir='ltr'>summi</span> <span class='ocrx_word' id='word_1_193' title='bbox 532 3180 629 3242; x_wconf 78' lang='lat' dir='ltr'>fastigia</span> <span class='ocrx_word' id='word_1_194' title='bbox 642 3177 700 3228; x_wconf 85' lang='lat' dir='ltr'>tecti</span> 
     </span>
    </p>
   </div>
   <div class='ocr_carea' id='block_1_3' title="bbox 0 0 1180 3734">
    <p class='ocr_par' dir='ltr' id='par_1_12' title="bbox 0 0 1180 3734">
     <span class='ocr_line' id='line_1_31' title="bbox 0 0 1180 3734; baseline 0 0"><span class='ocrx_word' id='word_1_195' title='bbox 0 0 1180 3734; x_wconf 95' lang='lat' dir='ltr'> </span> 
     </span>
    </p>
   </div>
  </div>
 </body>
</html>
