2334 3734
428 526 586 578 AENEIDOS
608 528 670 579 uls.
688 531 707 580 1.
923 535 968 583 119

75 701 77 704 ,
170 652 253 705 Quum
265 653 475 714 Juno,'aeternum
486 670 584 707 servans
596 660 642 707 sub
652 666 750 722 pectore
760 660 859 720 volnus,

169 740 229 788 Haec
240 753 338 789 seeum:
355 744 430 792 Mene
443 743 543 807 incepto,
550 745 667 796 desistere
678 747 777 808 deum,

171 829 223 877 Nee
233 844 305 892 posse
317 831 388 881 ltalia
397 835 549 883 Teucrorum
562 844 670 886 avertere
682 841 783 899 regem?

169 915 266 980 Quippe
276 926 346 967 vetor
356 921 421 986 fatis
454 923 567 972 Pallasne
577 939 681 974 exurere
688 927 793 976 classem

168 1005 297 1068 Argiuum,
309 1016 380 1070 atque
392 1010 457 1072 ipsos
469 1013 548 1074 potuit
559 1014 714 1075 submergere
726 1025 813 1078 ponto,

170 1094 251 1143 Unius
263 1097 295 1144 ob
306 1111 396 1146 noxam
407 1107 432 1148 et
443 1101 518 1150 furias
530 1102 612 1162 AJacis
623 1102 706 1152 Oilei?
763 1082 767 1089 .

169 1188 236 1249 lpse,
247 1187 318 1236 lovis
327 1189 439 1251 rapidum
448 1193 554 1251 iaculata
565 1207 580 1241 e
592 1193 697 1242 nubibus
709 1194 800 1255 ignem,

170 1275 318 1340 Disjecitque
330 1287 404 1339 rates,
416 1281 550 1342 evertitque
561 1297 661 1344 aequora
670 1283 768 1346 ventis3

171 1364 256 1426 Illum,
267 1367 431 1431 exspirantem
442 1371 561 1420 transfixo
573 1380 674 1434 pectore
684 1373 806 1434 flammas,

171 1458 280 1506 Turbine
291 1460 424 1522 conripuit‚
437 1462 584 1523 scopuloque
594 1463 678 1512 infixit
688 1472 768 1513 acuto.

172 1548 218 1596 Ast
229 1562 283 1609 ego,
295 1564 348 1611 quse
359 1550 441 1598 divom
454 1550 539 1610 inoedo
555 1553 649 1613 regina,
660 1551 778 1614 lorisque

172 1635 205 1684 Et
216 1650 285 1685 soror
298 1645 323 1686 et
334 1640 453 1699 conjunx,
465 1653 516 1688 una
527 1655 583 1688 cum
594 1648 665 1701 gente
676 1648 715 1689 tot
725 1654 802 1691 annos

123 1756 125 1760 -
174 1724 244 1772 Bella
254 1739 321 1786 gero.
354 1728 387 1776 Et
397 1727 524 1789 quisquam
537 1743 629 1788 numen
640 1728 747 1778 Junonis
759 1728 844 1778 adoret

176 1813 305 1874 Praeterea,
317 1821 359 1864 aut
371 1817 473 1880 supplex
485 1817 533 1866 aris
544 1816 647 1881 inponat
656 1818 798 1869 honorem?

206 1903 277 1952 Talia
289 1905 414 1956 tlammeto
426 1921 509 1956 seeum
520 1907 566 1957 dea
575 1908 649 1957 eorde
659 1910 783 1969 volutans,

175 1990 322 2041 Nimborum
333 1992 358 2042 ln
372 1994 486 2056 patriam,
498 1997 553 2044 loca
563 1997 614 2045 feta
625 1997 763 2047 furentibus
775 1999 875 2058 sustris,

174 2081 281 2132 AEoliam
291 2082 366 2132 venit.
400 2083 447 2133 llic
459 2085 527 2134 ¹uasto
539 2100 584 2134 rex
595 2087 683 2136 AEolus
694 2095 766 2136 antro

172 2171 297 2220 luctantis
308 2179 393 2221 ventos
405 2153 608 2237 tempestatesque
619 2189 722 2225 sonoras

175 2260 280 2323 imperio
291 2261 391 2324 premit,
402 2275 430 2310 ac
442 2262 529 2312 vinclis
538 2271 563 2312 et
573 2278 670 2314 caruere
681 2265 770 2314 frena.

175 2348 216 2398 llli
228 2349 382 2412 indignantes
393 2366 482 2413 magno
493 2367 549 2402 cum
560 2369 688 2404 murmure
699 2355 790 2404 montis

176 2441 275 2491 Circum
287 2443 394 2492 claustra
404 2444 520 2494 fremunt.
555 2446 628 2495 Celsa
639 2445 708 2494 sedet
717 2445 806 2495 AEolus
818 2458 874 2494 eree

178 2533 277 2594 Soeptru
288 2541 385 2593 tenens,
397 2533 526 2595 mollitque
537 2534 645 2594 animos,
656 2542 682 2584 et
692 2540 812 2596 temperet
822 2533 876 2582 ires·

181 2620 215 2669 Ni
225 2621 308 2683 faeiat,
320 2622 398 2671 maria
409 2637 437 2672 ac
448 2631 525 2672 terras
538 2623 676 2685 coelumque
687 2622 837 2686 profundum

180 2711 275 2774 Quippe
286 2712 367 2761 ierant
377 2711 455 2777 rapidi
466 2710 559 2772 sedum,
571 2720 717 2774 verrantque
729 2726 773 2775 per
784 2725 864 2773 auras.

180 2801 228 2850 Sed
238 2809 306 2864 peter
319 2801 473 2865 omnipotens
484 2800 606 2866 speluncis
617 2800 709 2850 abdidit
720 2799 789 2860 atris,

181 2888 235 2936 Hoc
247 2895 357 2938 metuens
366 2907 374 2950 3
392 2887 530 2952 molemque
541 2894 566 2938 et
576 2889 670 2938 montis
680 2887 780 2951 insuper
791 2888 854 2936 altos

183 2976 309 3041 Inposuit3
327 2967 456 3040 regemque
465 2978 542 3039 dedit,
554 2978 596 3040 qni
607 2977 699 3026 foedere
709 2983 777 3024 oerto

183 3067 216 3114 Et
226 3081 348 3130 premere,
361 3073 386 3115 et
395 3067 466 3116 laxas
476 3065 549 3114 sciret
559 3067 618 3116 dare
626 3069 709 3127 jussus
720 3064 836 3112 habenas.

150 3149 155 3154 “
183 3155 223 3204 lid
234 3169 307 3217 quem
318 3163 373 3206 tum
384 3157 399 3206 J
403 3169 452 3206 uno
463 3156 566 3218 supplex
577 3155 618 3204 his
628 3154 727 3204 vocibus
737 3152 783 3202 usa
792 3157 844 3200 esti
