2334 3734
388 493 563 548 1AENE1DOS
580 493 645 542 nte.
661 493 695 540 ΙΙ.
907 490 955 539 lea

149 630 271 692 Aptemus
281 645 287 675 z
305 626 393 687 Dolus,
405 639 437 674 en
447 623 536 684 virtus,
548 622 604 685 quis
614 621 641 670 in
652 621 723 670 hoste
733 617 861 682 requirat?

149 721 229 767 Arma
238 718 332 767 dabunt
342 716 395 781 ipsi.
429 715 469 765 Sic
481 712 657 774 inuu,.deinde
667 717 806 760 comantem

152 806 279 868 Androgei
290 807 384 867 galeam
395 803 516 867 clipeique
526 802 622 863 insigne
631 801 747 851 decorum

151 896 277 957 induitur,
287 895 405 957 laterique
416 895 534 956 Argivum
545 891 717 941 adcommodat
726 905 819 940 ensem.

154 988 209 1036 Hoc
220 984 338 1048 Rhipeus,
349 985 397 1034 hoc
409 983 461 1046 ipse
472 985 573 1047 Dymni,
586 981 715 1044 omnisque
724 982 840 1041 iuventus

153 1078 223 1125 Laeta
234 1076 309 1139 fecit3
327 1075 411 1139 spoliis
423 1089 449 1124 se
461 1074 564 1137 quisque
575 1073 714 1123 recentibus
725 1081 813 1122 mmet.

151 1165 271 1215 Vadimus
281 1164 380 1214 inmixti
392 1163 483 1214 Danais
493 1163 559 1213 heud
569 1162 672 1211 numine
681 1169 779 1222 nostro,

153 1256 283 1317 Multaque
292 1267 335 1318 per
345 1267 434 1304 mam
445 1251 571 1313 congressi
582 1251 670 1315 proelia
679 1259 778 1302 noctem

157 1343 336 1406 Conserimus3
354 1343 446 1392 multos
457 1344 569 1391 Danaum
583 1339 735 1390 demittimus
747 1338 823 1389 Orco.

157 1415 346 1495 Diffugiuntmii
358 1432 388 1481 au
401 1432 478 1493 navis,
490 1439 516 1480 er
527 1431 601 1479 nora
611 1444 685 1479 cursu

158 1522 218 1572 Fide
226 1529 328 1586 petunt:
346 1535 402 1585 pars
413 1522 538 1582 ingentem
549 1519 681 1568 formidine
691 1519 759 1583 turpi

156 1611 284 1660 Seendunt
292 1625 378 1660 rursus
390 1625 491 1674 equum,
503 1618 528 1659 et
538 1617 596 1659 nota
606 1609 746 1659 conduntur
757 1608 784 1656 in
795 1607 859 1656 nivo.

159 1705 213 1752 Heu
224 1702 288 1752 nibil
298 1703 381 1752 invitis
393 1704 430 1751 fus
442 1714 590 1764 quemquem
600 1700 677 1750 fidere
689 1700 768 1748 divis!

153 1799 154 1802 ’
190 1793 252 1840 Eeoe
262 1791 403 1840 trahebatur
414 1791 491 1854 pessis
504 1789 627 1839 Priameia
637 1789 707 1850 virgo

84 1937 87 1942 ,
162 1880 275 1930 Crinibus
287 1894 301 1929 a
312 1881 405 1944 templo
417 1879 555 1930 Cassandra
565 1878 692 1942 adytisque
704 1878 835 1939 Minerva,

162 1969 200 2018 Ad
211 1971 300 2019 eoelum
313 1969 415 2020 tendens
428 1968 539 2018 ardentia
549 1967 645 2016 luminu
654 1969 759 2017 frustra:

161 2059 282 2123 bumins3
300 2074 358 2109 nam
369 2067 465 2108 teneras
475 2059 591 2108 arcebant
600 2057 699 2107 vincula
708 2058 810 2120 patmus.

162 2150 219 2197 Non
229 2148 288 2198 tulit
298 2149 360 2198 hanc
371 2148 476 2212 speciem
487 2147 578 2196 furiata
589 2155 671 2196 mente
684 2147 814 2206 Coroebus‚

161 2238 194 2287 Et
204 2251 258 2286 sese
269 2236 378 2286 medium
390 2237 473 2298 injecit
483 2236 608 2300 periturus
620 2237 646 2285 in
657 2249 752 2297 agmen.

126 2384 131 2392 ,
162 2327 341 2389 Consequimur
352 2328 445 2388 cuncti,
457 2335 482 2376 et
492 2327 575 2376 densis
587 2326 736 2375 incurrimus
752 2322 836 2372 armis

162 2417 209 2466 Hic
219 2415 327 2480 primum
338 2430 369 2464 ex
380 2416 430 2464 alto
442 2415 540 2464 delubri
550 2416 659 2465 culmine
671 2414 728 2463 telis

162 2509 311 2555 Nostrorum
322 2505 461 2566 obruimur,
473 2505 601 2567 oriturque
612 2503 750 2554 miserrime
760 2502 850 2563 codes,

163 2603 298 2649 Armorum
308 2598 369 2648 facie
380 2606 406 2647 et
416 2598 547 2648 Graiarum
558 2611 643 2646 errore
652 2598 776 2658 jubarum.
829 2608 832 2613 ·

166 2673 231 2738 'uum
243 2688 332 2749 Danai,
344 2687 436 2749 gemtor
447 2697 519 2751 atque
531 2696 621 2751 erepte
631 2686 731 2749 virginis
742 2686 790 2747 ire,

165 2777 280 2840 Undique
292 2777 397 2827 conlecti
409 2771 543 2840 incudinum
561 2777 695 2826 acerrimus
706 2777 782 2837 Max,

164 2866 199 2915 Et
208 2865 300 2928 gemini
310 2866 414 2927 Atride,
426 2869 599 2930 Dolopumque
609 2865 731 2915 exereitus
742 2864 831 2914 omnis.

165 2954 267 3006 Adverti
278 2963 351 3020 rupto
359 2970 405 3005 ceu
416 2955 539 3017 quondum
550 2954 649 3004 turbine
658 2953 722 3002 renti

167 3043 319 3105 confligunt,
330 3042 513 3106 Zephyrusque,¹
524 3046 664 3105 Notusque,
675 3049 701 3090 ct
710 3041 781 3090 letus
791 3041 851 3091 Eois

164 3132 247 3182 Eurus
258 3133 343 3196 equis:
356 3131 464 3182 stridunt
474 3131 552 3194 silve,
564 3123 681 3194 seritque
693 3129 795 3180 tridenti
