2334 3734
202 539 254 604 ‚136
426 545 453 594 P.
471 541 609 592 vtaotuu
626 540 781 593 usaouls

204 679 262 728 Non
274 690 303 725 ea
312 675 349 724 vis
360 673 454 734 animo,
465 687 510 723 nac
521 680 591 721 tanta
601 671 714 733 superbia
723 671 803 721 vietis

203 768 249 816 Est
260 767 339 825 locus,
352 764 494 827 Hesperiam
505 761 574 812 Graii
584 761 729 824 manamine
740 761 834 822 dicunt,

202 858 281 905 Terra
291 854 400 916 antiqua,
412 860 499 917 potens
510 853 598 913 armis,
609 859 682 914 atque
691 853 767 900 ubere
777 851 872 914 glebae

204 946 303 996 OEnotri
313 947 412 995 uoluere
422 943 469 993 viri
481 963 491 1007 3
508 958 573 994 nunc
583 945 659 1007 mma,
671 944 779 994 minores

204 1035 301 1085 ltaliam
312 1034 403 1084 dixisse
413 1034 482 1084 ducis
493 1033 523 1084 de
534 1034 635 1083 numine
643 1041 749 1095 genum.

205 1125 261 1172 Huc
272 1137 357 1172 cursus
369 1122 432 1172 fuit:

205 1215 289 1268 Quum
300 1212 381 1262 subito
392 1211 523 1273 adsurgens
534 1211 610 1260 ductu
622 1210 748 1261 nimbosus
761 1210 841 1261 Orion

204 1305 233 1352 ln
244 1303 306 1352 vada
316 1316 380 1352 caeea
389 1302 457 1363 tulit,
469 1300 612 1365 penitusque
623 1301 765 1364 procacibus
777 1300 867 1349 austris

206 1393 301 1454 Perque
311 1391 400 1451 undas,
413 1398 542 1454 superante
554 1391 617 1451 salo,
629 1404 721 1453 perque
732 1389 798 1439 invia
808 1402 869 1438 saxa

205 1481 330 1545 Dispulit3
347 1482 396 1530 hue
406 1481 477 1544 pauci
488 1479 574 1533 vestris
585 1481 727 1530 adnavimus
737 1478 797 1529 oris.

206 1571 280 1626 Quod
285 1585 361 1633 genus
367 1570 415 1620 hoc
422 1570 562 1629 hominum,
573 1571 728 1631 quaevehnuc
737 1577 787 1618 tam
799 1569 903 1618 bubata
914 1582 1007 1618 morem

207 1658 332 1709 Permittit
344 1659 442 1722 patria?
462 1657 568 1721 hospitio
580 1658 740 1722 prohibemur
746 1673 826 1707 arena
837 1661 843 1710 i

205 1749 277 1798 Belia
286 1737 361 1808 cient,
373 1747 500 1810 primaque
510 1754 594 1796 vetant
601 1747 735 1797 nonsutere
744 1755 818 1796 terra.

207 1835 234 1886 Si
244 1849 320 1898 genus
331 1836 466 1884 humanum
477 1843 503 1884 et
513 1835 744 1885 mortaliatemuitis
755 1850 838 1886 uma:

207 1926 241 1973 At
251 1931 346 1988 sperate
357 1921 416 1973 deos
427 1937 548 1973 memores
558 1923 626 1973 madi
636 1931 709 1986 atque
720 1924 829 1974 nefandi.

205 2013 258 2062 Rex
270 2021 323 2062 erat
332 2014 423 2062 AEneas
435 2012 515 2073 nobis,
527 2027 575 2074 quo
583 2011 754 2073 iustiorait'en

206 2103 258 2151 Nec
269 2101 357 2165 pietate
369 2101 416 2150 tuit
427 2115 472 2151 uec
482 2103 549 2151 bello
560 2104 639 2163 major
650 2110 676 2150 et
685 2102 771 2150 armis.

205 2193 284 2246 Quem
296 2190 318 2240 si
329 2191 380 2240 iata
390 2190 469 2240 virum
480 2199 588 2252 servant,
599 2192 621 2240 si
631 2192 736 2241 veseima
746 2205 806 2241 aura

205 2279 328 2340 AEtheria,
340 2294 419 2342 neque
431 2280 510 2329 adhue
520 2280 660 2330 crudelibus
670 2282 774 2330 oteubat
784 2279 876 2329 umbris
889 2300 895 2329 ι

204 2369 262 2417 Non
275 2375 364 2430 metus,
376 2369 455 2420 officio
466 2383 498 2419 ue
509 2377 533 2419 te
541 2378 647 2420 eertasse
657 2369 766 2433 priorem

205 2458 334 2508 Poeniteat.
367 2459 467 2510 suntet
478 2459 567 2509 Siculis
578 2460 718 2521 regionibus
728 2461 813 2520 nrbes,

204 2548 327 2609 Arvaque,
338 2549 495 2610 trojanoque
505 2562 520 2597 a
531 2550 649 2610 sanguine
659 2551 741 2599 durus
751 2552 861 2599 Acestes.

204 2638 350 2691 Quassatam
361 2637 439 2686 ventis
449 2638 522 2686 liceat
531 2638 667 2688 subducere
676 2640 791 2700 classem,

205 2728 239 2779 Et
249 2727 317 2776 silvis
328 2735 412 2791 aptare
421 2726 513 2788 trabes,
524 2735 549 2776 et
559 2726 679 2789 stringere
689 2742 781 2776 remos.

204 2814 231 2866 Si
243 2815 315 2866 datur
322 2815 429 2876 ltaliam,
440 2814 512 2864 sociis
519 2822 544 2864 et
555 2829 611 2877 rege
622 2823 732 2878 recepto,

202 2904 325 2966 Tendere,
337 2913 365 2954 ut
376 2905 473 2956 ltaliam
483 2903 536 2953 laeti
547 2904 692 2967 Latiumque
703 2910 821 2968 petamus.

204 2992 247 3043 Sin
259 2995 370 3043 absumta
382 2995 459 3055 salus,
470 3001 496 3043 et
507 3002 542 3054 te,
553 3001 622 3058 pater
632 3000 732 3056 optume
742 2995 878 3054 Teucrum,

204 3083 298 3131 Pontus
308 3083 382 3131 habet
392 3083 484 3146 Libye,
496 3097 541 3132 nse
553 3097 609 3145 spes
617 3084 670 3144 jam
678 3090 754 3132 restat
764 3082 812 3131 iuli
821 3101 827 3128 :

203 3173 237 3219 At
249 3171 312 3220 treta
323 3170 426 3220 Sicanias
437 3173 534 3232 saltem,
547 3171 664 3234 sedesque
673 3180 779 3236 param,
