<?xml version="1.0" encoding="UTF-8"?>
<!DOCTYPE html PUBLIC "-//W3C//DTD XHTML 1.0 Transitional//EN"
    "http://www.w3.org/TR/xhtml1/DTD/xhtml1-transitional.dtd">
<html xmlns="http://www.w3.org/1999/xhtml" xml:lang="en" lang="en">
 <head>
  <title>
</title>
<meta http-equiv="Content-Type" content="text/html;charset=utf-8" />
  <meta name='ocr-system' content='tesseract 3.04.00' />
  <meta name='ocr-capabilities' content='ocr_page ocr_carea ocr_par ocr_line ocrx_word'/>
</head>
<body>
  <div class='ocr_page' id='page_1' title='image "./publiivirgiliim00heyngoog/publiivirgiliim00heyngoog_0197.png"; bbox 0 0 2334 3734; ppageno 0'>
   <div class='ocr_carea' id='block_1_1' title="bbox 405 547 958 605">
    <p class='ocr_par' dir='ltr' id='par_1_1' title="bbox 405 547 958 605">
     <span class='ocr_line' id='line_1_1' title="bbox 405 547 958 605; baseline -0.004 -1"><span class='ocrx_word' id='word_1_1' title='bbox 405 547 563 605; x_wconf 77' lang='lat' dir='ltr'><strong>AENmuos</strong></span> <span class='ocrx_word' id='word_1_2' title='bbox 580 555 644 604; x_wconf 81' lang='lat' dir='ltr'><strong>nra.</strong></span> <span class='ocrx_word' id='word_1_3' title='bbox 663 555 709 605; x_wconf 87' lang='lat'>111.</span> <span class='ocrx_word' id='word_1_4' title='bbox 913 555 958 602; x_wconf 78' lang='lat' dir='ltr'><strong>res</strong></span> 
     </span>
    </p>
   </div>
   <div class='ocr_carea' id='block_1_2' title="bbox 161 663 857 3264">
    <p class='ocr_par' dir='ltr' id='par_1_2' title="bbox 161 663 857 3264">
     <span class='ocr_line' id='line_1_2' title="bbox 161 663 749 745; baseline 0.003 -14"><span class='ocrx_word' id='word_1_5' title='bbox 161 683 222 732; x_wconf 86' lang='lat' dir='ltr'><strong>Mox</strong></span> <span class='ocrx_word' id='word_1_6' title='bbox 233 663 258 733; x_wconf 74' lang='lat' dir='ltr'><strong>et</strong></span> <span class='ocrx_word' id='word_1_7' title='bbox 268 685 378 734; x_wconf 71' lang='lat' dir='ltr'><strong>uenata</strong></span> <span class='ocrx_word' id='word_1_8' title='bbox 389 684 501 734; x_wconf 90' lang='lat' dir='ltr'><strong>nimbosa</strong></span> <span class='ocrx_word' id='word_1_9' title='bbox 510 685 638 734; x_wconf 81' lang='lat' dir='ltr'><strong>cacumina</strong></span> <span class='ocrx_word' id='word_1_10' title='bbox 647 684 749 745; x_wconf 87' lang='lat' dir='ltr'><strong>montis,</strong></span> 
     </span>
     <span class='ocr_line' id='line_1_3' title="bbox 163 773 671 839; baseline 0.008 -19"><span class='ocrx_word' id='word_1_11' title='bbox 163 774 196 821; x_wconf 87' lang='lat' dir='ltr'><strong>Et</strong></span> <span class='ocrx_word' id='word_1_12' title='bbox 206 773 350 824; x_wconf 85' lang='lat' dir='ltr'><strong>formidatus</strong></span> <span class='ocrx_word' id='word_1_13' title='bbox 362 774 443 824; x_wconf 83' lang='lat' dir='ltr'><strong>nautis</strong></span> <span class='ocrx_word' id='word_1_14' title='bbox 454 775 561 838; x_wconf 85' lang='lat' dir='ltr'><strong>aperitur</strong></span> <span class='ocrx_word' id='word_1_15' title='bbox 572 777 671 839; x_wconf 73' lang='lat' dir='ltr'><strong>Apollo,</strong></span> 
     </span>
     <span class='ocr_line' id='line_1_4' title="bbox 165 862 794 928; baseline 0.002 -17"><span class='ocrx_word' id='word_1_16' title='bbox 165 862 237 912; x_wconf 91' lang='lat' dir='ltr'><strong>Hunc</strong></span> <span class='ocrx_word' id='word_1_17' title='bbox 246 863 350 928; x_wconf 89' lang='lat' dir='ltr'><strong>petimus</strong></span> <span class='ocrx_word' id='word_1_18' title='bbox 362 864 431 924; x_wconf 85' lang='lat' dir='ltr'><strong>fessi,</strong></span> <span class='ocrx_word' id='word_1_19' title='bbox 442 873 468 913; x_wconf 91' lang='lat' dir='ltr'><strong>et</strong></span> <span class='ocrx_word' id='word_1_20' title='bbox 478 879 556 927; x_wconf 84' lang='lat' dir='ltr'><strong>parvae</strong></span> <span class='ocrx_word' id='word_1_21' title='bbox 568 864 719 914; x_wconf 76' lang='lat' dir='ltr'>succedimus</span> <span class='ocrx_word' id='word_1_22' title='bbox 729 863 794 912; x_wconf 91' lang='lat' dir='ltr'><strong>urbi.</strong></span> 
     </span>
     <span class='ocr_line' id='line_1_5' title="bbox 161 952 775 1018; baseline 0.005 -18"><span class='ocrx_word' id='word_1_23' title='bbox 161 953 261 1000; x_wconf 82' lang='lat' dir='ltr'>Ancora</span> <span class='ocrx_word' id='word_1_24' title='bbox 271 952 301 1001; x_wconf 91' lang='lat' dir='ltr'><strong>de</strong></span> <span class='ocrx_word' id='word_1_25' title='bbox 311 966 386 1015; x_wconf 89' lang='lat' dir='ltr'><strong>prora</strong></span> <span class='ocrx_word' id='word_1_26' title='bbox 394 953 498 1016; x_wconf 82' lang='lat' dir='ltr'><strong>jacitur;</strong></span> <span class='ocrx_word' id='word_1_27' title='bbox 517 961 583 1002; x_wconf 75' lang='lat' dir='ltr'><strong>amnt</strong></span> <span class='ocrx_word' id='word_1_28' title='bbox 593 954 666 1003; x_wconf 88' lang='lat' dir='ltr'><strong>litore</strong></span> <span class='ocrx_word' id='word_1_29' title='bbox 676 969 775 1018; x_wconf 86' lang='lat' dir='ltr'><strong>puppes.</strong></span> 
     </span>
     <span class='ocr_line' id='line_1_6' title="bbox 195 1040 695 1107; baseline 0.008 -18"><span class='ocrx_word' id='word_1_30' title='bbox 195 1041 261 1102; x_wconf 78' lang='lat' dir='ltr'><strong>Ergo</strong></span> <span class='ocrx_word' id='word_1_31' title='bbox 272 1040 394 1105; x_wconf 85' lang='lat' dir='ltr'><strong>insperata</strong></span> <span class='ocrx_word' id='word_1_32' title='bbox 404 1042 500 1092; x_wconf 81' lang='lat' dir='ltr'><strong>tandem</strong></span> <span class='ocrx_word' id='word_1_33' title='bbox 513 1045 604 1092; x_wconf 88' lang='lat' dir='ltr'><strong>tellure</strong></span> <span class='ocrx_word' id='word_1_34' title='bbox 614 1043 695 1107; x_wconf 87' lang='lat' dir='ltr'><strong>potiti,</strong></span> 
     </span>
     <span class='ocr_line' id='line_1_7' title="bbox 163 1131 803 1195; baseline 0.006 -17"><span class='ocrx_word' id='word_1_35' title='bbox 163 1131 355 1194; x_wconf 77' lang='lat' dir='ltr'><strong>lustramurque</strong></span> <span class='ocrx_word' id='word_1_36' title='bbox 365 1134 380 1182; x_wconf 80' lang='lat' dir='ltr'>J</span> <span class='ocrx_word' id='word_1_37' title='bbox 383 1132 433 1193; x_wconf 91' lang='lat' dir='ltr'><strong>ovi,</strong></span> <span class='ocrx_word' id='word_1_38' title='bbox 444 1133 554 1194; x_wconf 84' lang='lat' dir='ltr'><strong>votisque</strong></span> <span class='ocrx_word' id='word_1_39' title='bbox 565 1134 719 1182; x_wconf 75' lang='lat' dir='ltr'><strong>incendimus</strong></span> <span class='ocrx_word' id='word_1_40' title='bbox 730 1148 803 1195; x_wconf 78' lang='lat' dir='ltr'><strong>aras3</strong></span> 
     </span>
     <span class='ocr_line' id='line_1_8' title="bbox 164 1220 702 1283; baseline 0.006 -15"><span class='ocrx_word' id='word_1_41' title='bbox 164 1220 282 1283; x_wconf 74' lang='lat' dir='ltr'><strong>Actiaque</strong></span> <span class='ocrx_word' id='word_1_42' title='bbox 292 1221 373 1270; x_wconf 80' lang='lat' dir='ltr'><strong>iliacis</strong></span> <span class='ocrx_word' id='word_1_43' title='bbox 384 1223 533 1271; x_wconf 80' lang='lat' dir='ltr'>celebramus</span> <span class='ocrx_word' id='word_1_44' title='bbox 544 1223 619 1270; x_wconf 89' lang='lat' dir='ltr'><strong>litora</strong></span> <span class='ocrx_word' id='word_1_45' title='bbox 628 1221 702 1271; x_wconf 90' lang='lat' dir='ltr'><strong>ludis.</strong></span> 
     </span>
     <span class='ocr_line' id='line_1_9' title="bbox 165 1309 699 1374; baseline 0.002 -17"><span class='ocrx_word' id='word_1_46' title='bbox 165 1309 288 1359; x_wconf 82' lang='lat' dir='ltr'>Exercent</span> <span class='ocrx_word' id='word_1_47' title='bbox 297 1310 388 1373; x_wconf 88' lang='lat' dir='ltr'><strong>patrias</strong></span> <span class='ocrx_word' id='word_1_48' title='bbox 399 1311 454 1364; x_wconf 68' lang='lat' dir='ltr'><strong>deo</strong></span> <span class='ocrx_word' id='word_1_49' title='bbox 465 1313 562 1360; x_wconf 87' lang='lat' dir='ltr'><strong>labente</strong></span> <span class='ocrx_word' id='word_1_50' title='bbox 573 1311 699 1374; x_wconf 77' lang='lat' dir='ltr'><strong>palaestms</strong></span> 
     </span>
     <span class='ocr_line' id='line_1_10' title="bbox 167 1398 687 1450; baseline 0.002 -3"><span class='ocrx_word' id='word_1_51' title='bbox 167 1398 257 1448; x_wconf 88' lang='lat' dir='ltr'><strong>Nudati</strong></span> <span class='ocrx_word' id='word_1_52' title='bbox 268 1399 337 1449; x_wconf 87' lang='lat' dir='ltr'><strong>socii.</strong></span> <span class='ocrx_word' id='word_1_53' title='bbox 369 1401 445 1450; x_wconf 80' lang='lat' dir='ltr'><strong>Juvat</strong></span> <span class='ocrx_word' id='word_1_54' title='bbox 456 1400 560 1450; x_wconf 84' lang='lat' dir='ltr'><strong>evasisse</strong></span> <span class='ocrx_word' id='word_1_55' title='bbox 570 1407 608 1448; x_wconf 86' lang='lat' dir='ltr'><strong>tot</strong></span> <span class='ocrx_word' id='word_1_56' title='bbox 617 1399 687 1450; x_wconf 87' lang='lat' dir='ltr'><strong>urbis</strong></span> 
     </span>
     <span class='ocr_line' id='line_1_11' title="bbox 166 1487 820 1552; baseline -0.002 -15"><span class='ocrx_word' id='word_1_57' title='bbox 166 1489 303 1550; x_wconf 84' lang='lat' dir='ltr'><strong>Argolicas,</strong></span> <span class='ocrx_word' id='word_1_58' title='bbox 315 1489 456 1551; x_wconf 87' lang='lat' dir='ltr'><strong>mediosque</strong></span> <span class='ocrx_word' id='word_1_59' title='bbox 467 1490 549 1550; x_wconf 75' lang='lat' dir='ltr'><strong>fugam</strong></span> <span class='ocrx_word' id='word_1_60' title='bbox 560 1489 668 1538; x_wconf 89' lang='lat' dir='ltr'><strong>tenuisse</strong></span> <span class='ocrx_word' id='word_1_61' title='bbox 679 1503 722 1552; x_wconf 88' lang='lat' dir='ltr'><strong>per</strong></span> <span class='ocrx_word' id='word_1_62' title='bbox 733 1487 820 1537; x_wconf 86' lang='lat' dir='ltr'><strong>bostis.</strong></span> 
     </span>
     <span class='ocr_line' id='line_1_12' title="bbox 168 1578 762 1641; baseline -0.003 -14"><span class='ocrx_word' id='word_1_63' title='bbox 168 1580 263 1628; x_wconf 79' lang='lat' dir='ltr'><strong>Interea</strong></span> <span class='ocrx_word' id='word_1_64' title='bbox 274 1593 389 1641; x_wconf 75' lang='lat' dir='ltr'><strong>magnum</strong></span> <span class='ocrx_word' id='word_1_65' title='bbox 400 1581 437 1630; x_wconf 85' lang='lat' dir='ltr'><strong>rol</strong></span> <span class='ocrx_word' id='word_1_66' title='bbox 449 1578 648 1629; x_wconf 73' lang='lat' dir='ltr'>circumvolvitur</span> <span class='ocrx_word' id='word_1_67' title='bbox 659 1592 762 1638; x_wconf 88' lang='lat' dir='ltr'><strong>annum,</strong></span> 
     </span>
     <span class='ocr_line' id='line_1_13' title="bbox 168 1667 778 1732; baseline -0.002 -15"><span class='ocrx_word' id='word_1_68' title='bbox 168 1669 200 1718; x_wconf 89' lang='lat' dir='ltr'><strong>Et</strong></span> <span class='ocrx_word' id='word_1_69' title='bbox 210 1669 318 1730; x_wconf 85' lang='lat' dir='ltr'><strong>glacialis</strong></span> <span class='ocrx_word' id='word_1_70' title='bbox 329 1669 408 1718; x_wconf 89' lang='lat' dir='ltr'><strong>biems</strong></span> <span class='ocrx_word' id='word_1_71' title='bbox 420 1669 574 1732; x_wconf 83' lang='lat' dir='ltr'><strong>aquilonibus</strong></span> <span class='ocrx_word' id='word_1_72' title='bbox 585 1675 681 1732; x_wconf 76' lang='lat' dir='ltr'><strong>asperat</strong></span> <span class='ocrx_word' id='word_1_73' title='bbox 691 1667 778 1716; x_wconf 80' lang='lat' dir='ltr'><strong>undas.</strong></span> 
     </span>
     <span class='ocr_line' id='line_1_14' title="bbox 169 1758 776 1823; baseline -0.005 -14"><span class='ocrx_word' id='word_1_74' title='bbox 169 1761 228 1809; x_wconf 85' lang='lat' dir='ltr'><strong>AEre</strong></span> <span class='ocrx_word' id='word_1_75' title='bbox 240 1775 299 1810; x_wconf 89' lang='lat' dir='ltr'><strong>cavo</strong></span> <span class='ocrx_word' id='word_1_76' title='bbox 311 1760 426 1823; x_wconf 89' lang='lat' dir='ltr'><strong>clipeum,</strong></span> <span class='ocrx_word' id='word_1_77' title='bbox 438 1760 520 1823; x_wconf 78' lang='lat' dir='ltr'><strong>magni</strong></span> <span class='ocrx_word' id='word_1_78' title='bbox 530 1768 654 1822; x_wconf 83' lang='lat' dir='ltr'><strong>gestamen</strong></span> <span class='ocrx_word' id='word_1_79' title='bbox 661 1758 776 1814; x_wconf 84' lang='lat' dir='ltr'><strong>Abantis,</strong></span> 
     </span>
     <span class='ocr_line' id='line_1_15' title="bbox 172 1849 788 1914; baseline -0.003 -15"><span class='ocrx_word' id='word_1_80' title='bbox 172 1852 286 1901; x_wconf 76' lang='lat' dir='ltr'><strong>Postibus</strong></span> <span class='ocrx_word' id='word_1_81' title='bbox 299 1851 404 1902; x_wconf 87' lang='lat' dir='ltr'><strong>adversis</strong></span> <span class='ocrx_word' id='word_1_82' title='bbox 416 1853 475 1914; x_wconf 78' lang='lat' dir='ltr'><strong>figo,</strong></span> <span class='ocrx_word' id='word_1_83' title='bbox 486 1859 511 1901; x_wconf 92' lang='lat' dir='ltr'><strong>et</strong></span> <span class='ocrx_word' id='word_1_84' title='bbox 522 1867 574 1902; x_wconf 90' lang='lat' dir='ltr'><strong>rem</strong></span> <span class='ocrx_word' id='word_1_85' title='bbox 585 1851 694 1901; x_wconf 83' lang='lat' dir='ltr'><strong>carmine</strong></span> <span class='ocrx_word' id='word_1_86' title='bbox 704 1849 788 1911; x_wconf 76' lang='lat' dir='ltr'><strong>signo:</strong></span> 
     </span>
     <span class='ocr_line' id='line_1_16' title="bbox 170 1943 782 1992; baseline -0.003 -2"><span class='ocrx_word' id='word_1_87' title='bbox 170 1943 268 1991; x_wconf 77' lang='lat' dir='ltr'><strong>AEusrs</strong></span> <span class='ocrx_word' id='word_1_88' title='bbox 286 1956 345 1991; x_wconf 81' lang='lat' dir='ltr'><strong>use</strong></span> <span class='ocrx_word' id='word_1_89' title='bbox 364 1956 398 1990; x_wconf 82' lang='lat' dir='ltr'><strong>ns</strong></span> <span class='ocrx_word' id='word_1_90' title='bbox 415 1956 508 1992; x_wconf 72' lang='lat' dir='ltr'><strong>nausis</strong></span> <span class='ocrx_word' id='word_1_91' title='bbox 523 1955 683 1992; x_wconf 75' lang='lat' dir='ltr'><strong>vroroarnus</strong></span> <span class='ocrx_word' id='word_1_92' title='bbox 701 1954 782 1989; x_wconf 74' lang='lat' dir='ltr'><strong>sarrs.</strong></span> 
     </span>
     <span class='ocr_line' id='line_1_17' title="bbox 171 2029 857 2096; baseline -0.007 -15"><span class='ocrx_word' id='word_1_93' title='bbox 171 2033 293 2095; x_wconf 81' lang='lat' dir='ltr'><strong>Linquere</strong></span> <span class='ocrx_word' id='word_1_94' title='bbox 303 2041 357 2082; x_wconf 86' lang='lat' dir='ltr'><strong>tum</strong></span> <span class='ocrx_word' id='word_1_95' title='bbox 367 2041 453 2096; x_wconf 88' lang='lat' dir='ltr'><strong>portus</strong></span> <span class='ocrx_word' id='word_1_96' title='bbox 463 2035 548 2094; x_wconf 87' lang='lat' dir='ltr'><strong>jubeo,</strong></span> <span class='ocrx_word' id='word_1_97' title='bbox 560 2042 586 2082; x_wconf 86' lang='lat' dir='ltr'><strong>et</strong></span> <span class='ocrx_word' id='word_1_98' title='bbox 596 2032 724 2082; x_wconf 85' lang='lat' dir='ltr'><strong>considere</strong></span> <span class='ocrx_word' id='word_1_99' title='bbox 735 2029 857 2079; x_wconf 75' lang='lat' dir='ltr'><strong>transtris.</strong></span> 
     </span>
     <span class='ocr_line' id='line_1_18' title="bbox 173 2123 817 2182; baseline -0.011 -10"><span class='ocrx_word' id='word_1_100' title='bbox 173 2123 291 2173; x_wconf 87' lang='lat' dir='ltr'><strong>Certatim</strong></span> <span class='ocrx_word' id='word_1_101' title='bbox 300 2123 360 2172; x_wconf 88' lang='lat' dir='ltr'><strong>socii</strong></span> <span class='ocrx_word' id='word_1_102' title='bbox 371 2124 464 2172; x_wconf 83' lang='lat' dir='ltr'><strong>feriunt</strong></span> <span class='ocrx_word' id='word_1_103' title='bbox 475 2137 553 2182; x_wconf 87' lang='lat' dir='ltr'><strong>mare,</strong></span> <span class='ocrx_word' id='word_1_104' title='bbox 565 2131 591 2170; x_wconf 86' lang='lat' dir='ltr'><strong>et</strong></span> <span class='ocrx_word' id='word_1_105' title='bbox 600 2134 699 2182; x_wconf 82' lang='lat' dir='ltr'><strong>aequora</strong></span> <span class='ocrx_word' id='word_1_106' title='bbox 708 2127 817 2168; x_wconf 84' lang='lat' dir='ltr'><strong>verrunt.</strong></span> 
     </span>
     <span class='ocr_line' id='line_1_19' title="bbox 173 2212 798 2284; baseline -0.018 -17"><span class='ocrx_word' id='word_1_107' title='bbox 173 2218 294 2284; x_wconf 77' lang='lat' dir='ltr'><strong>Protenns</strong></span> <span class='ocrx_word' id='word_1_108' title='bbox 305 2216 383 2265; x_wconf 80' lang='lat' dir='ltr'><strong>aerios</strong></span> <span class='ocrx_word' id='word_1_109' title='bbox 396 2215 525 2263; x_wconf 74' lang='lat' dir='ltr'><strong>Phaeacum</strong></span> <span class='ocrx_word' id='word_1_110' title='bbox 537 2212 708 2262; x_wconf 86' lang='lat' dir='ltr'><strong>abscondimus</strong></span> <span class='ocrx_word' id='word_1_111' title='bbox 719 2223 798 2267; x_wconf 88' lang='lat' dir='ltr'><strong>aroes,</strong></span> 
     </span>
     <span class='ocr_line' id='line_1_20' title="bbox 174 2297 764 2370; baseline -0.02 -14"><span class='ocrx_word' id='word_1_112' title='bbox 174 2307 305 2370; x_wconf 82' lang='lat' dir='ltr'><strong>Litoraque</strong></span> <span class='ocrx_word' id='word_1_113' title='bbox 316 2304 386 2368; x_wconf 79' lang='lat' dir='ltr'><strong>Epiri</strong></span> <span class='ocrx_word' id='word_1_114' title='bbox 398 2303 511 2364; x_wconf 79' lang='lat' dir='ltr'><strong>legimus,</strong></span> <span class='ocrx_word' id='word_1_115' title='bbox 524 2308 644 2364; x_wconf 89' lang='lat' dir='ltr'><strong>portuque</strong></span> <span class='ocrx_word' id='word_1_116' title='bbox 654 2297 764 2347; x_wconf 88' lang='lat' dir='ltr'><strong>subimus</strong></span> 
     </span>
     <span class='ocr_line' id='line_1_21' title="bbox 178 2385 816 2455; baseline -0.024 -9"><span class='ocrx_word' id='word_1_117' title='bbox 178 2396 300 2455; x_wconf 84' lang='lat' dir='ltr'><strong>Chaonio,</strong></span> <span class='ocrx_word' id='word_1_118' title='bbox 309 2402 334 2443; x_wconf 86' lang='lat' dir='ltr'><strong>et</strong></span> <span class='ocrx_word' id='word_1_119' title='bbox 344 2393 435 2442; x_wconf 84' lang='lat' dir='ltr'><strong>celsam</strong></span> <span class='ocrx_word' id='word_1_120' title='bbox 447 2389 562 2440; x_wconf 76' lang='lat' dir='ltr'><strong>liuthroti</strong></span> <span class='ocrx_word' id='word_1_121' title='bbox 573 2387 710 2436; x_wconf 77' lang='lat' dir='ltr'><strong>adsedimus</strong></span> <span class='ocrx_word' id='word_1_122' title='bbox 721 2385 816 2434; x_wconf 86' lang='lat' dir='ltr'><strong>urbem.</strong></span> 
     </span>
     <span class='ocr_line' id='line_1_22' title="bbox 209 2473 789 2538; baseline -0.022 -4"><span class='ocrx_word' id='word_1_123' title='bbox 209 2486 256 2534; x_wconf 90' lang='lat' dir='ltr'><strong>Hic</strong></span> <span class='ocrx_word' id='word_1_124' title='bbox 267 2481 417 2533; x_wconf 88' lang='lat' dir='ltr'><strong>incredibilis</strong></span> <span class='ocrx_word' id='word_1_125' title='bbox 428 2494 512 2530; x_wconf 89' lang='lat' dir='ltr'><strong>rernm</strong></span> <span class='ocrx_word' id='word_1_126' title='bbox 523 2479 590 2526; x_wconf 85' lang='lat' dir='ltr'><strong>fama</strong></span> <span class='ocrx_word' id='word_1_127' title='bbox 599 2482 701 2538; x_wconf 79' lang='lat' dir='ltr'><strong>oocupat</strong></span> <span class='ocrx_word' id='word_1_128' title='bbox 711 2473 789 2532; x_wconf 85' lang='lat' dir='ltr'><strong>auris,</strong></span> 
     </span>
     <span class='ocr_line' id='line_1_23' title="bbox 177 2562 801 2629; baseline -0.024 -3"><span class='ocrx_word' id='word_1_129' title='bbox 177 2575 316 2625; x_wconf 81' lang='lat' dir='ltr'><strong>Priamiden</strong></span> <span class='ocrx_word' id='word_1_130' title='bbox 329 2576 452 2623; x_wconf 90' lang='lat' dir='ltr'><strong>Helenum</strong></span> <span class='ocrx_word' id='word_1_131' title='bbox 463 2569 549 2620; x_wconf 86' lang='lat' dir='ltr'><strong>Graias</strong></span> <span class='ocrx_word' id='word_1_132' title='bbox 557 2581 659 2629; x_wconf 77' lang='lat' dir='ltr'><strong>regnare</strong></span> <span class='ocrx_word' id='word_1_133' title='bbox 668 2579 711 2629; x_wconf 89' lang='lat' dir='ltr'><strong>per</strong></span> <span class='ocrx_word' id='word_1_134' title='bbox 722 2562 801 2623; x_wconf 88' lang='lat' dir='ltr'><strong>urbis,</strong></span> 
     </span>
     <span class='ocr_line' id='line_1_24' title="bbox 179 2658 807 2729; baseline -0.022 -11"><span class='ocrx_word' id='word_1_135' title='bbox 179 2667 300 2729; x_wconf 77' lang='lat' dir='ltr'><strong>Coniugio</strong></span> <span class='ocrx_word' id='word_1_136' title='bbox 311 2665 417 2714; x_wconf 83' lang='lat' dir='ltr'><strong>AEaeidae</strong></span> <span class='ocrx_word' id='word_1_137' title='bbox 430 2663 518 2728; x_wconf 86' lang='lat' dir='ltr'><strong>Pyrrhi</strong></span> <span class='ocrx_word' id='word_1_138' title='bbox 529 2660 677 2724; x_wconf 79' lang='lat' dir='ltr'><strong>sceptrisque</strong></span> <span class='ocrx_word' id='word_1_139' title='bbox 686 2658 807 2721; x_wconf 86' lang='lat' dir='ltr'><strong>potitum:</strong></span> 
     </span>
     <span class='ocr_line' id='line_1_25' title="bbox 177 2745 822 2823; baseline -0.023 -15"><span class='ocrx_word' id='word_1_140' title='bbox 177 2760 211 2808; x_wconf 82' lang='lat' dir='ltr'><strong>lit</strong></span> <span class='ocrx_word' id='word_1_141' title='bbox 221 2758 300 2823; x_wconf 81' lang='lat' dir='ltr'><strong>patrio</strong></span> <span class='ocrx_word' id='word_1_142' title='bbox 313 2757 501 2806; x_wconf 85' lang='lat' dir='ltr'><strong>Andromachen</strong></span> <span class='ocrx_word' id='word_1_143' title='bbox 513 2753 602 2802; x_wconf 85' lang='lat' dir='ltr'><strong>iterum</strong></span> <span class='ocrx_word' id='word_1_144' title='bbox 614 2749 715 2800; x_wconf 82' lang='lat' dir='ltr'><strong>cessisse</strong></span> <span class='ocrx_word' id='word_1_145' title='bbox 726 2745 822 2796; x_wconf 87' lang='lat' dir='ltr'><strong>marito.</strong></span> 
     </span>
     <span class='ocr_line' id='line_1_26' title="bbox 181 2845 786 2910; baseline -0.023 -12"><span class='ocrx_word' id='word_1_146' title='bbox 181 2847 316 2910; x_wconf 85' lang='lat' dir='ltr'><strong>Obstupui:</strong></span> <span class='ocrx_word' id='word_1_147' title='bbox 335 2845 445 2907; x_wconf 87' lang='lat' dir='ltr'><strong>miroque</strong></span> <span class='ocrx_word' id='word_1_148' title='bbox 456 2845 584 2894; x_wconf 85' lang='lat' dir='ltr'><strong>incensum</strong></span> <span class='ocrx_word' id='word_1_149' title='bbox 597 2847 680 2904; x_wconf 79' lang='lat' dir='ltr'><strong>pectus</strong></span> <span class='ocrx_word' id='word_1_150' title='bbox 691 2851 786 2895; x_wconf 88' lang='lat' dir='ltr'><strong>amore,</strong></span> 
     </span>
     <span class='ocr_line' id='line_1_27' title="bbox 181 2934 804 3004; baseline -0.018 -15"><span class='ocrx_word' id='word_1_151' title='bbox 181 2941 327 3004; x_wconf 80' lang='lat' dir='ltr'><strong>conpellare</strong></span> <span class='ocrx_word' id='word_1_152' title='bbox 337 2937 428 2997; x_wconf 88' lang='lat' dir='ltr'><strong>virum,</strong></span> <span class='ocrx_word' id='word_1_153' title='bbox 439 2944 464 2984; x_wconf 86' lang='lat' dir='ltr'><strong>et</strong></span> <span class='ocrx_word' id='word_1_154' title='bbox 475 2948 545 2984; x_wconf 84' lang='lat' dir='ltr'><strong>casus</strong></span> <span class='ocrx_word' id='word_1_155' title='bbox 555 2942 703 2993; x_wconf 78' lang='lat' dir='ltr'><strong>cognoscere</strong></span> <span class='ocrx_word' id='word_1_156' title='bbox 713 2934 804 2975; x_wconf 84' lang='lat' dir='ltr'><strong>tantos.</strong></span> 
     </span>
     <span class='ocr_line' id='line_1_28' title="bbox 182 3018 773 3092; baseline -0.027 -13"><span class='ocrx_word' id='word_1_157' title='bbox 182 3028 330 3092; x_wconf 79' lang='lat' dir='ltr'><strong>Progredior</strong></span> <span class='ocrx_word' id='word_1_158' title='bbox 341 3033 425 3090; x_wconf 78' lang='lat' dir='ltr'><strong>portu,</strong></span> <span class='ocrx_word' id='word_1_159' title='bbox 435 3024 518 3074; x_wconf 86' lang='lat' dir='ltr'><strong>classis</strong></span> <span class='ocrx_word' id='word_1_160' title='bbox 530 3031 555 3072; x_wconf 90' lang='lat' dir='ltr'><strong>et</strong></span> <span class='ocrx_word' id='word_1_161' title='bbox 564 3022 639 3070; x_wconf 86' lang='lat' dir='ltr'><strong>litora</strong></span> <span class='ocrx_word' id='word_1_162' title='bbox 650 3018 773 3079; x_wconf 89' lang='lat' dir='ltr'><strong>linquens.</strong></span> 
     </span>
     <span class='ocr_line' id='line_1_29' title="bbox 183 3107 757 3176; baseline -0.028 -7"><span class='ocrx_word' id='word_1_163' title='bbox 183 3117 316 3169; x_wconf 88' lang='lat' dir='ltr'><strong>Sollemnis</strong></span> <span class='ocrx_word' id='word_1_164' title='bbox 327 3124 380 3166; x_wconf 89' lang='lat' dir='ltr'><strong>tum</strong></span> <span class='ocrx_word' id='word_1_165' title='bbox 392 3115 455 3163; x_wconf 83' lang='lat' dir='ltr'><strong>torte</strong></span> <span class='ocrx_word' id='word_1_166' title='bbox 466 3113 549 3176; x_wconf 88' lang='lat' dir='ltr'><strong>dapes,</strong></span> <span class='ocrx_word' id='word_1_167' title='bbox 560 3117 586 3159; x_wconf 88' lang='lat' dir='ltr'><strong>et</strong></span> <span class='ocrx_word' id='word_1_168' title='bbox 595 3108 676 3158; x_wconf 89' lang='lat' dir='ltr'><strong>tristia</strong></span> <span class='ocrx_word' id='word_1_169' title='bbox 682 3107 757 3165; x_wconf 89' lang='lat' dir='ltr'><strong>dona,</strong></span> 
     </span>
     <span class='ocr_line' id='line_1_30' title="bbox 184 3193 828 3264; baseline -0.025 -6"><span class='ocrx_word' id='word_1_170' title='bbox 184 3211 249 3258; x_wconf 81' lang='lat' dir='ltr'><strong>Ante</strong></span> <span class='ocrx_word' id='word_1_171' title='bbox 259 3209 346 3256; x_wconf 88' lang='lat' dir='ltr'><strong>urbem</strong></span> <span class='ocrx_word' id='word_1_172' title='bbox 354 3205 384 3254; x_wconf 86' lang='lat' dir='ltr'><strong>in</strong></span> <span class='ocrx_word' id='word_1_173' title='bbox 396 3206 463 3264; x_wconf 89' lang='lat' dir='ltr'><strong>luco,</strong></span> <span class='ocrx_word' id='word_1_174' title='bbox 475 3201 530 3250; x_wconf 84' lang='lat' dir='ltr'><strong>falsi</strong></span> <span class='ocrx_word' id='word_1_175' title='bbox 542 3197 675 3250; x_wconf 87' lang='lat' dir='ltr'><strong>Simoentis</strong></span> <span class='ocrx_word' id='word_1_176' title='bbox 685 3195 715 3245; x_wconf 86' lang='lat' dir='ltr'><strong>ad</strong></span> <span class='ocrx_word' id='word_1_177' title='bbox 726 3193 828 3252; x_wconf 86' lang='lat' dir='ltr'><strong>undam,</strong></span> 
     </span>
    </p>
   </div>
   <div class='ocr_carea' id='block_1_3' title="bbox 0 0 1202 3734">
    <p class='ocr_par' dir='ltr' id='par_1_3' title="bbox 0 0 1202 3734">
     <span class='ocr_line' id='line_1_31' title="bbox 0 0 1202 3734; baseline 0 0"><span class='ocrx_word' id='word_1_178' title='bbox 0 0 1202 3734; x_wconf 95' lang='lat' dir='ltr'><strong> </strong></span> 
     </span>
    </p>
   </div>
  </div>
 </body>
</html>
