2334 3734
403 515 562 572 AENEIDOS
580 522 642 574 UB-
660 525 706 574 ΙΙΙ.
918 531 962 580 195

158 641 282 692 Tollimur
293 642 319 693 in
330 646 419 696 ooelum
431 659 530 700 curvato
540 651 645 716 gurgite,
658 662 684 704 et
693 654 757 706 idem

158 733 282 784 Subducta
292 735 323 785 ad
333 738 415 787 Manis
427 739 490 790 imos
501 741 634 794 desidimus
648 745 722 798 unda.

156 825 206 873 'l'er
217 828 311 890 scopuli
322 809 455 880 clamorem
464 831 528 882 iuter
539 847 598 886 caua
609 850 669 886 saxa
679 837 779 888 dedere:

157 916 207 964 Ter
215 930 328 980 spumam
339 920 428 970 elisam
436 929 462 971 et
472 924 582 973 rorantia
590 925 694 977 vidimus
706 935 780 980 astra.

158 1006 253 1056 interea
263 1007 341 1058 fessos
352 1022 438 1060 ventus
449 1028 505 1062 cum
516 1015 569 1063 sole
583 1014 699 1080 reliquit3

157 1096 286 1159 ignarique
296 1098 341 1147 viae
354 1102 487 1164 Cyclopum
499 1103 636 1155 adlabimur
647 1106 706 1156 oris.

189 1187 278 1236 Portus
290 1190 320 1238 ab
331 1189 430 1240 adcessu
441 1202 570 1243 ventorum
581 1193 700 1256 inmotus,
711 1203 736 1245 et
748 1196 832 1258 ingens

100 1294 102 1299 ·
157 1278 211 1341 lpse
221 1297 229 1341 ;
246 1278 290 1327 sed
301 1279 422 1331 horrificis
429 1284 503 1343 iuxta
514 1292 583 1333 tonat
591 1286 667 1334 AEtna
680 1286 768 1345 ruinis,

157 1368 330 1432 Interdumque
341 1379 419 1420 atram
429 1374 567 1436 prorumpit
578 1373 609 1423 ad
621 1375 712 1424 aethera
723 1377 823 1437 nubem,

156 1459 265 1509 'lirrbine
276 1459 412 1510 firmantem
423 1462 491 1524 piceo
501 1471 526 1511 et
536 1463 655 1512 candente
667 1465 769 1527 favilla;

156 1547 308 1611 Adtollitque
319 1550 404 1610 globos
417 1551 581 1611 flammarum,
593 1559 618 1601 et
630 1552 710 1602 sidera
720 1553 820 1603 lambit:

155 1639 282 1688 interdum
294 1643 407 1704 scopulos
418 1643 548 1704 avolsaque
558 1643 652 1692 viscera
662 1643 753 1694 montis

154 1730 234 1792 Erigit
241 1739 365 1792 eructans,
377 1732 554 1795 liquefactaque
565 1747 625 1782 saxa
636 1734 680 1781 sub
692 1745 763 1782 auras

76 1822 78 1825 ’
158 1820 219 1870 Cum
231 1821 323 1883 gemitu
332 1823 461 1883 glomerat,
473 1822 598 1884 fundoque
608 1829 726 1872 exaestuat
737 1822 795 1877 imo.

157 1910 232 1958 Fama
240 1917 288 1971 est,
297 1911 412 1960 Enceladi
422 1911 565 1961 semirutum
577 1912 682 1960 fulmine
692 1925 781 1974 corpus

155 2000 263 2062 Urgueri
274 2001 339 2049 mole
350 2001 406 2063 hac,
417 2001 587 2064 ingentemque
599 2002 698 2066 insuper
709 2003 809 2051 AEtnam

156 2089 291 2154 inpositam
302 2091 380 2153 ruptis
391 2091 516 2140 flammam
526 2091 651 2154 exspirare
663 2091 764 2140 caminis
775 2112 783 2154 3

153 2179 196 2241 Et,
208 2181 300 2229 fessum
309 2180 404 2243 quoties
415 2187 493 2228 mutet
503 2181 578 2240 latus,
587 2181 718 2229 intremere
729 2194 828 2228 omnem

154 2271 284 2319 Murmure
292 2269 455 2326 Trinacriam,
467 2276 492 2317 et
502 2268 592 2316 coelum
604 2268 732 2316 suburere
743 2269 819 2320 fumo.

154 2451 319 2513 Perferimus3
337 2464 392 2510 nec,
404 2463 457 2511 quae
468 2447 576 2497 sonitum
588 2447 630 2496 det
640 2460 734 2506 caussa,
747 2445 863 2494 ridemus.

155 2542 220 2589 Nam
229 2553 308 2602 neque
314 2546 385 2588 erant
396 2545 517 2587 astrorum
528 2537 606 2598 ignes,
619 2549 664 2583 nec
673 2534 767 2586 lucidus
779 2533 857 2588 aethra

92 2635 95 2638 ’
155 2630 257 2680 Siderea
267 2631 354 2693 polus3
371 2631 475 2688 obscuro
486 2628 529 2676 sed
540 2626 626 2677 nubila
637 2625 716 2688 coelo;

126 2697 133 2718 '
155 2723 189 2770 Et
198 2722 283 2771 lunam
294 2721 320 2768 in
332 2720 416 2769 nimbo
428 2734 479 2768 nox
491 2718 638 2781 intempesta
648 2717 753 2766 tenebat.

189 2812 291 2860 Postera
297 2812 396 2872 jamque
408 2809 459 2858 dies
469 2808 549 2872 primo
561 2807 674 2868 surgebat
683 2806 747 2865 Eoo,

159 2902 354 2961 Humentemque
365 2901 463 2948 Aurora
472 2899 531 2961 polo
543 2897 678 2947 dimoverat
689 2894 815 2941 umbram:

157 2992 241 3045 Quum
251 2989 332 3040 subito
344 3002 358 3036 e
369 2988 447 3048 silyis,
459 2987 535 3036 macie
545 2985 658 3039 confecta
669 2994 792 3046 suprema,
861 2971 866 2978 ’

142 3103 145 3110 ·
156 3079 237 3141 Ignoti
245 3093 310 3128 nova
320 3079 401 3127 forma
410 3077 469 3138 viri,
481 3075 665 3136 miserandaque
677 3073 756 3132 crdtu,

157 3167 281 3231 Procedit,
293 3168 444 3232 supplexque
456 3180 542 3216 manus
553 3165 584 3215 ad
597 3164 671 3214 litora
681 3159 768 3212 tendit.
