2334 3734
209 536 258 583 386
437 532 465 580 P.
481 530 620 581 VlRGlLlI
636 529 790 580 MARONlS

214 666 325 725 Ingentes
337 662 434 710 Rutulae
445 658 561 723 spectabit
571 658 643 707 caedis
654 672 761 708 acewas.

214 751 329 801 Dixerat:
346 758 371 799 et
381 750 466 799 dextra
477 747 603 797 discedens
615 747 705 809 inpulit
714 749 800 808 altam,

215 838 287 889 Haud
298 838 382 899 ignara
392 836 469 896 modi,
480 836 588 907 puppim.
622 836 693 898 Fugit
704 836 748 885 illa
758 850 800 899 per
809 836 887 885 undas
902 896 906 899 ⁴

215 930 290 979 Ocior
301 935 326 977 et
332 928 414 989 jaculo
425 934 450 975 et
461 934 545 975 sentos
555 934 666 988 aequante
674 926 769 989 sagitta

216 1017 276 1066 Inde
287 1017 340 1065 alioe
351 1017 458 1065 celerant
469 1029 562 1065 enum.
595 1016 683 1077 Stupet
693 1015 783 1064 inscius
794 1015 846 1078 lpse

215 1109 278 1156 Tros
291 1105 463 1167 Anchisiades3
481 1105 576 1154 animos
586 1111 668 1153 tamen
677 1104 760 1153 omine
769 1104 844 1153 tollit.

214 1196 280 1245 'lum
291 1196 395 1245 breviter
406 1208 494 1259 supera
505 1195 644 1257 adspectans
656 1208 765 1243 convexa
774 1202 895 1257 precatur:

216 1286 290 1333 Alma
300 1298 386 1347 parens
399 1284 462 1333 ldaea
473 1284 556 1343 deum,
568 1283 608 1331 cul
619 1282 741 1346 Dindyma
751 1282 829 1343 cordi,

215 1374 398 1435 'lurrigeraeque
408 1375 491 1433 urbes,
502 1372 624 1435 biiugique
634 1373 665 1421 ad
676 1374 746 1422 frena
755 1374 839 1422 leones
850 1394 858 1436 ;

216 1466 255 1511 Tu
267 1463 328 1512 mihi
339 1477 403 1511 nnnc
414 1478 500 1525 pugnae
510 1461 634 1524 princeps,
644 1469 674 1511 tu
683 1462 730 1511 rite
741 1462 886 1526 propinques

217 1552 363 1614 Augurium,
379 1551 558 1615 Phrygibusque
568 1549 633 1599 adsis
644 1550 715 1612 pede,
726 1549 791 1610 diva,
802 1551 916 1615 secundo.

216 1644 323 1691 Tantum
335 1642 435 1705 effatus3
453 1648 478 1690 et
488 1641 580 1689 interea
590 1641 700 1689 revoluta
711 1642 797 1690 ruebat

218 1733 316 1780 Matura
323 1734 374 1792 jam
386 1733 439 1780 luce
452 1730 513 1789 dies,
525 1737 670 1790 noctemque
680 1730 783 1791 iugarat

251 1819 373 1881 Principio
384 1819 456 1868 suciis
467 1817 550 1877 edicit,
561 1819 631 1879 signa
639 1827 783 1879 sequantur,

218 1909 297 1968 Atque
308 1907 402 1955 animos
414 1913 498 1968 aptent
508 1907 592 1966 armis,
604 1922 737 1969 pngnoeque
747 1915 834 1970 parent
844 1922 878 1956 se.

219 1998 324 2057 Jamque
333 1996 359 2043 in
370 2003 501 2057 conspectu
511 1996 620 2044 Teucros
631 1996 704 2047 habet
714 2004 740 2045 et
748 2011 794 2046 sua
804 2004 893 2057 casua,

219 2083 291 2131 Stans
302 2084 366 2134 celsa
377 2082 403 2131 in
413 2081 485 2147 puppi
494 2102 500 2132 ι
517 2082 623 2147 clipeum
633 2100 690 2134 cum
700 2084 787 2134 deiude
795 2084 892 2134 sinistra

219 2171 316 2220 Extulit
325 2171 458 2222 ardentem.
493 2173 631 2222 Clamorem
643 2174 675 2221 ad
684 2174 765 2223 sidera
773 2175 865 2223 tollunt

220 2259 362 2309 Dardanidae
372 2275 386 2309 e
397 2262 482 2310 muris.
515 2264 574 2324 Spes
586 2262 668 2310 addita
676 2262 778 2310 suscitat
787 2262 845 2311 iras.

219 2349 281 2397 Tela
292 2364 366 2398 mann
375 2351 477 2411 jaciunt.
510 2352 601 2405 Quales
612 2353 657 2399 sub
668 2351 773 2400 nubibus
784 2350 843 2400 atris

220 2438 364 2501 Strymoniae
375 2438 434 2488 dant
444 2439 513 2499 signa
523 2453 605 2500 guas,
616 2447 687 2500 atque
698 2440 789 2488 aethera
798 2448 895 2489 tranant

220 2524 283 2573 Cum
294 2524 386 2584 sonitu,
398 2525 541 2586 fugiuntque
552 2535 624 2575 notas
634 2528 740 2575 clamore
752 2528 867 2577 secunda

220 2614 254 2659 At
265 2612 356 2659 Rutulo
368 2612 418 2670 regi
426 2612 573 2674 ducibusque
586 2628 615 2662 ea
625 2615 688 2663 mira
698 2616 775 2665 videri

219 2699 349 2761 Ausoniis;
367 2698 445 2748 donec
455 2715 536 2773 versas
547 2702 577 2749 ad
588 2703 662 2752 litura
671 2706 758 2767 puppis

220 2788 369 2852 Respiciunt
381 2796 507 2852 totumque
518 2791 598 2839 adlabi
609 2793 728 2841 classibus
739 2808 831 2855 aequor.

219 2876 296 2925 Ardet
306 2890 367 2939 apex
377 2878 459 2941 capiti,
471 2879 598 2942 cristisque
609 2881 723 2929 avertice
735 2882 834 2931 damma

167 2950 171 2961 '
220 2962 349 3026 Funditur,
361 2974 386 3014 et
395 2975 475 3015 uastos
487 2970 561 3017 umbo
573 2969 649 3017 vomit
659 2983 748 3018 aureus
759 2970 840 3031 igncsx

221 3054 278 3102 Non
290 3067 368 3113 secus,
380 3068 407 3103 ae
418 3056 510 3117 liquida
520 3057 541 3105 si
552 3056 648 3117 quando
660 3065 732 3106 nocte
742 3067 844 3107 cometus

220 3134 350 3201 'sanguinei
362 3142 461 3203 lugubre
472 3146 570 3204 rubent,
582 3151 624 3193 aut
633 3144 712 3194 Sirius
722 3146 808 3196 ardor:
