<?xml version="1.0" encoding="UTF-8"?>
<!DOCTYPE html PUBLIC "-//W3C//DTD XHTML 1.0 Transitional//EN"
    "http://www.w3.org/TR/xhtml1/DTD/xhtml1-transitional.dtd">
<html xmlns="http://www.w3.org/1999/xhtml" xml:lang="en" lang="en">
 <head>
  <title>
</title>
<meta http-equiv="Content-Type" content="text/html;charset=utf-8" />
  <meta name='ocr-system' content='tesseract 3.04.00' />
  <meta name='ocr-capabilities' content='ocr_page ocr_carea ocr_par ocr_line ocrx_word'/>
</head>
<body>
  <div class='ocr_page' id='page_1' title='image "./publiivirgiliim00heyngoog/publiivirgiliim00heyngoog_0442.png"; bbox 0 0 2334 3734; ppageno 0'>
   <div class='ocr_carea' id='block_1_1' title="bbox 223 524 804 593">
    <p class='ocr_par' dir='ltr' id='par_1_1' title="bbox 223 524 804 593">
     <span class='ocr_line' id='line_1_1' title="bbox 223 524 804 593; baseline 0.005 -4"><span class='ocrx_word' id='word_1_1' title='bbox 223 543 272 589; x_wconf 77' lang='lat' dir='ltr'>rao</span> <span class='ocrx_word' id='word_1_2' title='bbox 315 524 317 531; x_wconf 83' lang='grc'><em>’</em></span> <span class='ocrx_word' id='word_1_3' title='bbox 451 542 804 593; x_wconf 76' lang='lat' dir='ltr'>P.V1RG1L11MARONIS</span> 
     </span>
    </p>
   </div>
   <div class='ocr_carea' id='block_1_2' title="bbox 226 669 867 821">
    <p class='ocr_par' dir='ltr' id='par_1_2' title="bbox 226 669 867 821">
     <span class='ocr_line' id='line_1_2' title="bbox 227 669 862 735; baseline 0 -16"><span class='ocrx_word' id='word_1_4' title='bbox 227 673 250 719; x_wconf 94' lang='lat' dir='ltr'>N</span> <span class='ocrx_word' id='word_1_5' title='bbox 253 686 299 720; x_wconf 92' lang='lat' dir='ltr'>unc</span> <span class='ocrx_word' id='word_1_6' title='bbox 306 669 410 720; x_wconf 86' lang='lat' dir='ltr'>validam</span> <span class='ocrx_word' id='word_1_7' title='bbox 422 670 509 720; x_wconf 81' lang='lat' dir='ltr'>dextra</span> <span class='ocrx_word' id='word_1_8' title='bbox 518 672 581 735; x_wconf 81' lang='lat' dir='ltr'><strong>rapit</strong></span> <span class='ocrx_word' id='word_1_9' title='bbox 591 672 712 720; x_wconf 82' lang='lat' dir='ltr'>indefessa</span> <span class='ocrx_word' id='word_1_10' title='bbox 721 670 862 733; x_wconf 84' lang='lat' dir='ltr'><strong>bipennem.</strong></span> 
     </span>
     <span class='ocr_line' id='line_1_3' title="bbox 226 760 867 821; baseline -0.003 -12"><span class='ocrx_word' id='word_1_11' title='bbox 226 761 321 809; x_wconf 79' lang='lat' dir='ltr'>Aureus</span> <span class='ocrx_word' id='word_1_12' title='bbox 332 774 364 810; x_wconf 85' lang='lat' dir='ltr'>ex</span> <span class='ocrx_word' id='word_1_13' title='bbox 374 761 477 809; x_wconf 87' lang='lat' dir='ltr'>humero</span> <span class='ocrx_word' id='word_1_14' title='bbox 489 769 560 810; x_wconf 85' lang='lat' dir='ltr'>sonat</span> <span class='ocrx_word' id='word_1_15' title='bbox 568 775 648 821; x_wconf 89' lang='lat' dir='ltr'>arcus,</span> <span class='ocrx_word' id='word_1_16' title='bbox 660 769 685 810; x_wconf 88' lang='lat' dir='ltr'>et</span> <span class='ocrx_word' id='word_1_17' title='bbox 694 774 763 809; x_wconf 89' lang='lat' dir='ltr'>arma</span> <span class='ocrx_word' id='word_1_18' title='bbox 772 760 867 808; x_wconf 80' lang='lat' dir='ltr'>Dianae.</span> 
     </span>
    </p>
   </div>
   <div class='ocr_carea' id='block_1_3' title="bbox 122 849 850 914">
    <p class='ocr_par' dir='ltr' id='par_1_3' title="bbox 122 849 850 914">
     <span class='ocr_line' id='line_1_4' title="bbox 122 849 850 914; baseline 0.003 -17"><span class='ocrx_word' id='word_1_19' title='bbox 122 860 127 867; x_wconf 73' lang='grc'><em>’</em></span> <span class='ocrx_word' id='word_1_20' title='bbox 226 850 273 899; x_wconf 84' lang='lat' dir='ltr'>Illa</span> <span class='ocrx_word' id='word_1_21' title='bbox 284 849 368 909; x_wconf 89' lang='lat' dir='ltr'>etiam,</span> <span class='ocrx_word' id='word_1_22' title='bbox 380 850 508 912; x_wconf 87' lang='lat' dir='ltr'>siquando</span> <span class='ocrx_word' id='word_1_23' title='bbox 519 851 544 899; x_wconf 90' lang='lat' dir='ltr'>in</span> <span class='ocrx_word' id='word_1_24' title='bbox 556 860 652 912; x_wconf 78' lang='lat' dir='ltr'>tergum</span> <span class='ocrx_word' id='word_1_25' title='bbox 663 852 733 914; x_wconf 77' lang='lat' dir='ltr'>puna</span> <span class='ocrx_word' id='word_1_26' title='bbox 741 851 850 911; x_wconf 72' lang='lat' dir='ltr'>recessit,</span> 
     </span>
    </p>
   </div>
   <div class='ocr_carea' id='block_1_4' title="bbox 224 938 1022 3230">
    <p class='ocr_par' dir='ltr' id='par_1_4' title="bbox 228 938 751 1001">
     <span class='ocr_line' id='line_1_5' title="bbox 228 938 751 1001; baseline 0 -13"><span class='ocrx_word' id='word_1_27' title='bbox 228 938 326 1001; x_wconf 85' lang='lat' dir='ltr'>Spicula</span> <span class='ocrx_word' id='word_1_28' title='bbox 335 953 452 987; x_wconf 83' lang='lat' dir='ltr'>converso</span> <span class='ocrx_word' id='word_1_29' title='bbox 464 940 580 1000; x_wconf 80' lang='lat' dir='ltr'>firgientia</span> <span class='ocrx_word' id='word_1_30' title='bbox 591 939 674 1000; x_wconf 79' lang='lat' dir='ltr'>dirigit</span> <span class='ocrx_word' id='word_1_31' title='bbox 684 953 751 988; x_wconf 85' lang='lat' dir='ltr'>arcu.</span> 
     </span>
    </p>

    <p class='ocr_par' dir='ltr' id='par_1_5' title="bbox 227 1028 798 1090">
     <span class='ocr_line' id='line_1_6' title="bbox 227 1028 798 1090; baseline -0.002 -13"><span class='ocrx_word' id='word_1_32' title='bbox 227 1031 261 1077; x_wconf 80' lang='lat' dir='ltr'>At</span> <span class='ocrx_word' id='word_1_33' title='bbox 270 1028 362 1077; x_wconf 89' lang='lat' dir='ltr'>circum</span> <span class='ocrx_word' id='word_1_34' title='bbox 373 1030 441 1077; x_wconf 83' lang='lat' dir='ltr'>lectae</span> <span class='ocrx_word' id='word_1_35' title='bbox 452 1030 564 1088; x_wconf 75' lang='lat' dir='ltr'>comites,</span> <span class='ocrx_word' id='word_1_36' title='bbox 574 1029 710 1090; x_wconf 85' lang='lat' dir='ltr'>Larinaque</span> <span class='ocrx_word' id='word_1_37' title='bbox 720 1029 798 1090; x_wconf 76' lang='lat' dir='ltr'>virgo,</span> 
     </span>
    </p>

    <p class='ocr_par' dir='ltr' id='par_1_6' title="bbox 226 1118 872 1273">
     <span class='ocr_line' id='line_1_7' title="bbox 226 1118 872 1181; baseline 0 -16"><span class='ocrx_word' id='word_1_38' title='bbox 226 1119 357 1181; x_wconf 77' lang='lat' dir='ltr'><strong>Tullaque,</strong></span> <span class='ocrx_word' id='word_1_39' title='bbox 369 1128 394 1168; x_wconf 87' lang='lat' dir='ltr'>et</span> <span class='ocrx_word' id='word_1_40' title='bbox 404 1128 501 1168; x_wconf 74' lang='lat' dir='ltr'>aeramm</span> <span class='ocrx_word' id='word_1_41' title='bbox 513 1118 625 1180; x_wconf 85' lang='lat' dir='ltr'>quatiens</span> <span class='ocrx_word' id='word_1_42' title='bbox 636 1118 741 1180; x_wconf 87' lang='lat' dir='ltr'>Tarpeia</span> <span class='ocrx_word' id='word_1_43' title='bbox 751 1131 872 1177; x_wconf 77' lang='lat' dir='ltr'>securem,</span> 
     </span>
     <span class='ocr_line' id='line_1_8' title="bbox 226 1208 781 1273; baseline -0.004 -15"><span class='ocrx_word' id='word_1_44' title='bbox 226 1210 339 1273; x_wconf 90' lang='lat' dir='ltr'>ltalides;</span> <span class='ocrx_word' id='word_1_45' title='bbox 357 1225 415 1273; x_wconf 84' lang='lat' dir='ltr'>quas</span> <span class='ocrx_word' id='word_1_46' title='bbox 426 1211 478 1273; x_wconf 89' lang='lat' dir='ltr'>ipsa</span> <span class='ocrx_word' id='word_1_47' title='bbox 488 1210 559 1258; x_wconf 90' lang='lat' dir='ltr'>decus</span> <span class='ocrx_word' id='word_1_48' title='bbox 570 1209 616 1257; x_wconf 85' lang='lat' dir='ltr'>sibi</span> <span class='ocrx_word' id='word_1_49' title='bbox 628 1208 781 1257; x_wconf 82' lang='lat' dir='ltr'>diacamilla</span> 
     </span>
    </p>

    <p class='ocr_par' dir='ltr' id='par_1_7' title="bbox 227 1283 803 1361">
     <span class='ocr_line' id='line_1_9' title="bbox 227 1283 803 1361; baseline -0.003 -13"><span class='ocrx_word' id='word_1_50' title='bbox 227 1300 331 1360; x_wconf 76' lang='lat' dir='ltr'>Delegit,</span> <span class='ocrx_word' id='word_1_51' title='bbox 344 1283 453 1361; x_wconf 78' lang='lat' dir='ltr'>pacisque</span> <span class='ocrx_word' id='word_1_52' title='bbox 464 1300 540 1347; x_wconf 90' lang='lat' dir='ltr'>bonas</span> <span class='ocrx_word' id='word_1_53' title='bbox 551 1298 658 1360; x_wconf 85' lang='lat' dir='ltr'>bellique</span> <span class='ocrx_word' id='word_1_54' title='bbox 670 1297 803 1346; x_wconf 87' lang='lat' dir='ltr'>ministras.</span> 
     </span>
    </p>

    <p class='ocr_par' dir='ltr' id='par_1_8' title="bbox 227 1384 830 1442">
     <span class='ocr_line' id='line_1_10' title="bbox 227 1384 830 1442; baseline -0.003 -6"><span class='ocrx_word' id='word_1_55' title='bbox 227 1389 317 1442; x_wconf 85' lang='lat' dir='ltr'>Quales</span> <span class='ocrx_word' id='word_1_56' title='bbox 328 1388 448 1437; x_wconf 74' lang='lat' dir='ltr'>&#39;ihreiciae</span> <span class='ocrx_word' id='word_1_57' title='bbox 460 1402 515 1436; x_wconf 89' lang='lat' dir='ltr'>cum</span> <span class='ocrx_word' id='word_1_58' title='bbox 527 1388 630 1435; x_wconf 87' lang='lat' dir='ltr'>domina</span> <span class='ocrx_word' id='word_1_59' title='bbox 640 1384 830 1436; x_wconf 80' lang='lat' dir='ltr'>Thermodontis</span> 
     </span>
    </p>

    <p class='ocr_par' dir='ltr' id='par_1_9' title="bbox 226 1477 824 1542">
     <span class='ocr_line' id='line_1_11' title="bbox 226 1477 824 1542; baseline 0 -16"><span class='ocrx_word' id='word_1_60' title='bbox 226 1480 327 1528; x_wconf 84' lang='lat' dir='ltr'>Pulsaut</span> <span class='ocrx_word' id='word_1_61' title='bbox 338 1486 363 1527; x_wconf 88' lang='lat' dir='ltr'>et</span> <span class='ocrx_word' id='word_1_62' title='bbox 374 1479 444 1542; x_wconf 87' lang='lat' dir='ltr'>pictis</span> <span class='ocrx_word' id='word_1_63' title='bbox 454 1480 576 1528; x_wconf 78' lang='lat' dir='ltr'>bellantur</span> <span class='ocrx_word' id='word_1_64' title='bbox 587 1481 725 1527; x_wconf 79' lang='lat' dir='ltr'>Amazones</span> <span class='ocrx_word' id='word_1_65' title='bbox 736 1477 824 1527; x_wconf 67' lang='lat' dir='ltr'>armim</span> 
     </span>
    </p>

    <p class='ocr_par' dir='ltr' id='par_1_10' title="bbox 225 1567 908 1809">
     <span class='ocr_line' id='line_1_12' title="bbox 225 1567 908 1631; baseline -0.001 -14"><span class='ocrx_word' id='word_1_66' title='bbox 225 1569 274 1617; x_wconf 87' lang='lat' dir='ltr'>Seu</span> <span class='ocrx_word' id='word_1_67' title='bbox 284 1568 377 1617; x_wconf 85' lang='lat' dir='ltr'>circum</span> <span class='ocrx_word' id='word_1_68' title='bbox 389 1569 546 1631; x_wconf 79' lang='lat' dir='ltr'>Hippolyten,</span> <span class='ocrx_word' id='word_1_69' title='bbox 557 1582 601 1617; x_wconf 88' lang='lat' dir='ltr'>seu</span> <span class='ocrx_word' id='word_1_70' title='bbox 611 1583 685 1630; x_wconf 90' lang='lat' dir='ltr'>quum</span> <span class='ocrx_word' id='word_1_71' title='bbox 697 1583 723 1617; x_wconf 89' lang='lat' dir='ltr'>se</span> <span class='ocrx_word' id='word_1_72' title='bbox 734 1567 826 1616; x_wconf 84' lang='lat' dir='ltr'>Martia</span> <span class='ocrx_word' id='word_1_73' title='bbox 835 1581 908 1616; x_wconf 87' lang='lat' dir='ltr'>curru</span> 
     </span>
     <span class='ocr_line' id='line_1_13' title="bbox 225 1656 860 1719; baseline 0.002 -16"><span class='ocrx_word' id='word_1_74' title='bbox 225 1656 379 1705; x_wconf 80' lang='lat' dir='ltr'>Penthesilea</span> <span class='ocrx_word' id='word_1_75' title='bbox 388 1657 474 1716; x_wconf 82' lang='lat' dir='ltr'>refert,</span> <span class='ocrx_word' id='word_1_76' title='bbox 486 1671 622 1719; x_wconf 79' lang='lat' dir='ltr'>magnoque</span> <span class='ocrx_word' id='word_1_77' title='bbox 635 1658 743 1706; x_wconf 84' lang='lat' dir='ltr'>ululante</span> <span class='ocrx_word' id='word_1_78' title='bbox 753 1657 860 1705; x_wconf 89' lang='lat' dir='ltr'>tumultu</span> 
     </span>
     <span class='ocr_line' id='line_1_14' title="bbox 225 1745 772 1809; baseline 0.004 -16"><span class='ocrx_word' id='word_1_79' title='bbox 225 1745 339 1793; x_wconf 86' lang='lat' dir='ltr'>Feminea</span> <span class='ocrx_word' id='word_1_80' title='bbox 350 1748 474 1795; x_wconf 82' lang='lat' dir='ltr'>exsultant</span> <span class='ocrx_word' id='word_1_81' title='bbox 483 1747 574 1796; x_wconf 84' lang='lat' dir='ltr'>lunatis</span> <span class='ocrx_word' id='word_1_82' title='bbox 585 1746 682 1808; x_wconf 82' lang='lat' dir='ltr'>agmina</span> <span class='ocrx_word' id='word_1_83' title='bbox 692 1746 772 1809; x_wconf 87' lang='lat' dir='ltr'>peltis.</span> 
     </span>
    </p>

    <p class='ocr_par' dir='ltr' id='par_1_11' title="bbox 224 1833 974 2518">
     <span class='ocr_line' id='line_1_15' title="bbox 225 1833 936 1899; baseline 0 -18"><span class='ocrx_word' id='word_1_84' title='bbox 225 1835 305 1887; x_wconf 88' lang='lat' dir='ltr'>Quem</span> <span class='ocrx_word' id='word_1_85' title='bbox 315 1835 365 1883; x_wconf 90' lang='lat' dir='ltr'>telo</span> <span class='ocrx_word' id='word_1_86' title='bbox 376 1836 494 1897; x_wconf 89' lang='lat' dir='ltr'>primum,</span> <span class='ocrx_word' id='word_1_87' title='bbox 506 1850 577 1898; x_wconf 91' lang='lat' dir='ltr'>quem</span> <span class='ocrx_word' id='word_1_88' title='bbox 590 1845 751 1899; x_wconf 88' lang='lat' dir='ltr'>postremum,</span> <span class='ocrx_word' id='word_1_89' title='bbox 762 1848 848 1898; x_wconf 85' lang='lat' dir='ltr'>aspera</span> <span class='ocrx_word' id='word_1_90' title='bbox 858 1833 936 1893; x_wconf 77' lang='lat' dir='ltr'>virgo,</span> 
     </span>
     <span class='ocr_line' id='line_1_16' title="bbox 224 1921 914 1987; baseline 0.001 -18"><span class='ocrx_word' id='word_1_91' title='bbox 224 1921 313 1981; x_wconf 83' lang='lat' dir='ltr'>DeJ&#39;icis</span> <span class='ocrx_word' id='word_1_92' title='bbox 325 1925 335 1970; x_wconf 74' lang='grc' dir='ltr'><strong><em>ἓ</em></strong></span> <span class='ocrx_word' id='word_1_93' title='bbox 354 1932 395 1971; x_wconf 85' lang='lat' dir='ltr'>aut</span> <span class='ocrx_word' id='word_1_94' title='bbox 405 1931 465 1985; x_wconf 89' lang='lat' dir='ltr'>quot</span> <span class='ocrx_word' id='word_1_95' title='bbox 476 1925 545 1972; x_wconf 89' lang='lat' dir='ltr'>humi</span> <span class='ocrx_word' id='word_1_96' title='bbox 558 1924 688 1973; x_wconf 83' lang='lat' dir='ltr'>morientia</span> <span class='ocrx_word' id='word_1_97' title='bbox 699 1937 802 1987; x_wconf 84' lang='lat' dir='ltr'>corpora</span> <span class='ocrx_word' id='word_1_98' title='bbox 813 1921 914 1972; x_wconf 76' lang='lat' dir='ltr'>lundis?</span> 
     </span>
     <span class='ocr_line' id='line_1_17' title="bbox 225 2008 853 2075; baseline 0.008 -19"><span class='ocrx_word' id='word_1_99' title='bbox 225 2010 343 2057; x_wconf 86' lang='lat' dir='ltr'>Eunaeum</span> <span class='ocrx_word' id='word_1_100' title='bbox 355 2008 435 2072; x_wconf 82' lang='lat' dir='ltr'>Clytio</span> <span class='ocrx_word' id='word_1_101' title='bbox 446 2011 552 2074; x_wconf 84' lang='lat' dir='ltr'>primurn</span> <span class='ocrx_word' id='word_1_102' title='bbox 564 2021 646 2074; x_wconf 86' lang='lat' dir='ltr'>patre:</span> <span class='ocrx_word' id='word_1_103' title='bbox 664 2016 733 2073; x_wconf 87' lang='lat' dir='ltr'>cujus</span> <span class='ocrx_word' id='word_1_104' title='bbox 743 2020 853 2075; x_wconf 87' lang='lat' dir='ltr'>apertum</span> 
     </span>
     <span class='ocr_line' id='line_1_18' title="bbox 226 2096 848 2163; baseline 0.003 -20"><span class='ocrx_word' id='word_1_105' title='bbox 226 2096 328 2145; x_wconf 86' lang='lat' dir='ltr'>Adversi</span> <span class='ocrx_word' id='word_1_106' title='bbox 337 2098 410 2159; x_wconf 81' lang='lat' dir='ltr'>longa</span> <span class='ocrx_word' id='word_1_107' title='bbox 420 2101 600 2148; x_wconf 86' lang='lat' dir='ltr'>transverberat</span> <span class='ocrx_word' id='word_1_108' title='bbox 610 2100 687 2149; x_wconf 87' lang='lat' dir='ltr'>abiete</span> <span class='ocrx_word' id='word_1_109' title='bbox 698 2108 790 2163; x_wconf 87' lang='lat' dir='ltr'>pectus.</span> <span class='ocrx_word' id='word_1_110' title='bbox 844 2109 848 2145; x_wconf 81' lang='lat'>1</span> 
     </span>
     <span class='ocr_line' id='line_1_19' title="bbox 226 2185 902 2251; baseline 0.006 -18"><span class='ocrx_word' id='word_1_111' title='bbox 226 2185 354 2248; x_wconf 78' lang='lat' dir='ltr'>Sanguinis</span> <span class='ocrx_word' id='word_1_112' title='bbox 366 2186 409 2236; x_wconf 90' lang='lat' dir='ltr'>ille</span> <span class='ocrx_word' id='word_1_113' title='bbox 420 2200 519 2237; x_wconf 84' lang='lat' dir='ltr'>vomens</span> <span class='ocrx_word' id='word_1_114' title='bbox 532 2188 596 2237; x_wconf 88' lang='lat' dir='ltr'>rivos</span> <span class='ocrx_word' id='word_1_115' title='bbox 607 2188 682 2248; x_wconf 84' lang='lat' dir='ltr'>cadit,</span> <span class='ocrx_word' id='word_1_116' title='bbox 695 2197 767 2251; x_wconf 85' lang='lat' dir='ltr'>atque</span> <span class='ocrx_word' id='word_1_117' title='bbox 777 2196 902 2237; x_wconf 83' lang='lat' dir='ltr'>cruentam</span> 
     </span>
     <span class='ocr_line' id='line_1_20' title="bbox 226 2278 945 2341; baseline 0.003 -17"><span class='ocrx_word' id='word_1_118' title='bbox 226 2278 323 2326; x_wconf 87' lang='lat' dir='ltr'>Mandit</span> <span class='ocrx_word' id='word_1_119' title='bbox 332 2280 445 2340; x_wconf 89' lang='lat' dir='ltr'>humum,</span> <span class='ocrx_word' id='word_1_120' title='bbox 458 2280 611 2341; x_wconf 86' lang='lat' dir='ltr'>moriensque</span> <span class='ocrx_word' id='word_1_121' title='bbox 621 2294 665 2328; x_wconf 85' lang='lat' dir='ltr'>suo</span> <span class='ocrx_word' id='word_1_122' title='bbox 676 2294 702 2327; x_wconf 89' lang='lat' dir='ltr'>se</span> <span class='ocrx_word' id='word_1_123' title='bbox 712 2279 738 2327; x_wconf 92' lang='lat' dir='ltr'>iu</span> <span class='ocrx_word' id='word_1_124' title='bbox 750 2280 849 2328; x_wconf 85' lang='lat' dir='ltr'>volnere</span> <span class='ocrx_word' id='word_1_125' title='bbox 859 2284 945 2326; x_wconf 70' lang='lat' dir='ltr'>versat</span> 
     </span>
     <span class='ocr_line' id='line_1_21' title="bbox 224 2367 974 2430; baseline -0.001 -16"><span class='ocrx_word' id='word_1_126' title='bbox 224 2367 288 2415; x_wconf 87' lang='lat' dir='ltr'>Tum</span> <span class='ocrx_word' id='word_1_127' title='bbox 301 2367 388 2428; x_wconf 82' lang='lat' dir='ltr'>Lirim,</span> <span class='ocrx_word' id='word_1_128' title='bbox 401 2370 565 2429; x_wconf 75' lang='lat' dir='ltr'>Pagasumque</span> <span class='ocrx_word' id='word_1_129' title='bbox 576 2382 662 2430; x_wconf 84' lang='lat' dir='ltr'>super:</span> <span class='ocrx_word' id='word_1_130' title='bbox 679 2382 783 2429; x_wconf 87' lang='lat' dir='ltr'>quorum</span> <span class='ocrx_word' id='word_1_131' title='bbox 794 2369 856 2416; x_wconf 88' lang='lat' dir='ltr'>alter</span> <span class='ocrx_word' id='word_1_132' title='bbox 867 2367 974 2415; x_wconf 79' lang='lat' dir='ltr'>habenas</span> 
     </span>
     <span class='ocr_line' id='line_1_22' title="bbox 227 2450 802 2518; baseline 0 -15"><span class='ocrx_word' id='word_1_133' title='bbox 227 2455 334 2503; x_wconf 82' lang='lat' dir='ltr'>Suffosro</span> <span class='ocrx_word' id='word_1_134' title='bbox 345 2457 473 2505; x_wconf 78' lang='lat' dir='ltr'>revolutus</span> <span class='ocrx_word' id='word_1_135' title='bbox 481 2471 544 2518; x_wconf 88' lang='lat' dir='ltr'>equo</span> <span class='ocrx_word' id='word_1_136' title='bbox 555 2457 614 2504; x_wconf 90' lang='lat' dir='ltr'>dum</span> <span class='ocrx_word' id='word_1_137' title='bbox 625 2456 729 2517; x_wconf 76' lang='lat' dir='ltr'>colligit,</span> <span class='ocrx_word' id='word_1_138' title='bbox 740 2450 802 2505; x_wconf 83' lang='lat' dir='ltr'>alte&#39;r</span> 
     </span>
    </p>

    <p class='ocr_par' dir='ltr' id='par_1_12' title="bbox 224 2543 1022 2967">
     <span class='ocr_line' id='line_1_23' title="bbox 226 2543 866 2603; baseline 0 -13"><span class='ocrx_word' id='word_1_139' title='bbox 226 2543 291 2590; x_wconf 91' lang='lat' dir='ltr'>Dum</span> <span class='ocrx_word' id='word_1_140' title='bbox 300 2543 373 2603; x_wconf 87' lang='lat' dir='ltr'>subit,</span> <span class='ocrx_word' id='word_1_141' title='bbox 386 2558 413 2591; x_wconf 89' lang='lat' dir='ltr'>ac</span> <span class='ocrx_word' id='word_1_142' title='bbox 424 2543 534 2593; x_wconf 81' lang='lat' dir='ltr'>dextram</span> <span class='ocrx_word' id='word_1_143' title='bbox 545 2544 637 2593; x_wconf 88' lang='lat' dir='ltr'>labenti</span> <span class='ocrx_word' id='word_1_144' title='bbox 647 2544 726 2593; x_wconf 88' lang='lat' dir='ltr'>tendit</span> <span class='ocrx_word' id='word_1_145' title='bbox 736 2544 866 2603; x_wconf 87' lang='lat' dir='ltr'>inermem,</span> 
     </span>
     <span class='ocr_line' id='line_1_24' title="bbox 226 2630 913 2693; baseline 0.006 -16"><span class='ocrx_word' id='word_1_146' title='bbox 226 2630 362 2692; x_wconf 73' lang='lat' dir='ltr'>Praecipites</span> <span class='ocrx_word' id='word_1_147' title='bbox 373 2632 509 2693; x_wconf 84' lang='lat' dir='ltr'>pariterque</span> <span class='ocrx_word' id='word_1_148' title='bbox 520 2641 603 2681; x_wconf 89' lang='lat' dir='ltr'>ruunt.</span> <span class='ocrx_word' id='word_1_149' title='bbox 638 2633 683 2681; x_wconf 83' lang='lat' dir='ltr'>ilis</span> <span class='ocrx_word' id='word_1_150' title='bbox 694 2631 761 2682; x_wconf 81' lang='lat' dir='ltr'>addit</span> <span class='ocrx_word' id='word_1_151' title='bbox 770 2635 913 2681; x_wconf 74' lang='lat' dir='ltr'>Amasuum</span> 
     </span>
     <span class='ocr_line' id='line_1_25' title="bbox 227 2722 915 2785; baseline 0.001 -16"><span class='ocrx_word' id='word_1_152' title='bbox 227 2722 377 2785; x_wconf 82' lang='lat' dir='ltr'>Hippotaden</span> <span class='ocrx_word' id='word_1_153' title='bbox 387 2742 395 2785; x_wconf 90' lang='lat'>;</span> <span class='ocrx_word' id='word_1_154' title='bbox 412 2722 566 2784; x_wconf 86' lang='lat' dir='ltr'>sequiturque</span> <span class='ocrx_word' id='word_1_155' title='bbox 574 2723 718 2773; x_wconf 87' lang='lat' dir='ltr'>incumbens</span> <span class='ocrx_word' id='word_1_156' title='bbox 728 2724 823 2772; x_wconf 87' lang='lat' dir='ltr'>eminus</span> <span class='ocrx_word' id='word_1_157' title='bbox 834 2723 915 2771; x_wconf 60' lang='lat' dir='ltr'>itastu&gt;</span> 
     </span>
     <span class='ocr_line' id='line_1_26' title="bbox 224 2812 1022 2886; baseline 0 -26"><span class='ocrx_word' id='word_1_158' title='bbox 224 2812 359 2874; x_wconf 85' lang='lat' dir='ltr'>Tereaque,</span> <span class='ocrx_word' id='word_1_159' title='bbox 368 2814 585 2876; x_wconf 83' lang='lat' dir='ltr'>Harpalycumque,</span> <span class='ocrx_word' id='word_1_160' title='bbox 592 2816 819 2886; x_wconf 86' lang='lat' dir='ltr'>etDemophoonta,</span> <span class='ocrx_word' id='word_1_161' title='bbox 830 2812 1022 2873; x_wconf 79' lang='lat' dir='ltr'>Chrominque3</span> 
     </span>
     <span class='ocr_line' id='line_1_27' title="bbox 225 2902 844 2967; baseline -0.006 -12"><span class='ocrx_word' id='word_1_162' title='bbox 225 2902 338 2964; x_wconf 78' lang='lat' dir='ltr'>Quosque</span> <span class='ocrx_word' id='word_1_163' title='bbox 349 2903 438 2952; x_wconf 81' lang='lat' dir='ltr'>emissa</span> <span class='ocrx_word' id='word_1_164' title='bbox 447 2917 522 2951; x_wconf 85' lang='lat' dir='ltr'>manu</span> <span class='ocrx_word' id='word_1_165' title='bbox 533 2906 653 2953; x_wconf 88' lang='lat' dir='ltr'>contorsit</span> <span class='ocrx_word' id='word_1_166' title='bbox 664 2905 756 2967; x_wconf 88' lang='lat' dir='ltr'>spicula</span> <span class='ocrx_word' id='word_1_167' title='bbox 764 2904 844 2965; x_wconf 81' lang='lat' dir='ltr'>virgo,</span> 
     </span>
    </p>

    <p class='ocr_par' dir='ltr' id='par_1_13' title="bbox 224 2982 891 3144">
     <span class='ocr_line' id='line_1_28' title="bbox 224 2982 891 3058; baseline 0.009 -21"><span class='ocrx_word' id='word_1_168' title='bbox 224 2992 274 3038; x_wconf 80' lang='lat' dir='ltr'>&#39;l&#39;ot</span> <span class='ocrx_word' id='word_1_169' title='bbox 286 2992 383 3054; x_wconf 76' lang='lat' dir='ltr'>Phrygii</span> <span class='ocrx_word' id='word_1_170' title='bbox 392 2982 500 3042; x_wconf 85' lang='lat' dir='ltr'>cecidere</span> <span class='ocrx_word' id='word_1_171' title='bbox 510 2993 564 3041; x_wconf 86' lang='lat' dir='ltr'>viri.</span> <span class='ocrx_word' id='word_1_172' title='bbox 599 2996 687 3043; x_wconf 89' lang='lat' dir='ltr'>Procul</span> <span class='ocrx_word' id='word_1_173' title='bbox 698 2995 806 3058; x_wconf 82' lang='lat' dir='ltr'>Ornytus</span> <span class='ocrx_word' id='word_1_174' title='bbox 817 2992 891 3043; x_wconf 62' lang='lat' dir='ltr'>mmis</span> 
     </span>
     <span class='ocr_line' id='line_1_29' title="bbox 225 3079 734 3144; baseline 0.01 -18"><span class='ocrx_word' id='word_1_175' title='bbox 225 3079 317 3139; x_wconf 78' lang='lat' dir='ltr'>ignotis</span> <span class='ocrx_word' id='word_1_176' title='bbox 327 3087 352 3127; x_wconf 88' lang='lat' dir='ltr'>et</span> <span class='ocrx_word' id='word_1_177' title='bbox 362 3094 423 3141; x_wconf 92' lang='lat' dir='ltr'>equo</span> <span class='ocrx_word' id='word_1_178' title='bbox 435 3089 533 3130; x_wconf 86' lang='lat' dir='ltr'>venator</span> <span class='ocrx_word' id='word_1_179' title='bbox 545 3083 630 3144; x_wconf 75' lang='lat' dir='ltr'>iapyge</span> <span class='ocrx_word' id='word_1_180' title='bbox 641 3083 734 3131; x_wconf 81' lang='lat' dir='ltr'>iernrr:</span> 
     </span>
    </p>

    <p class='ocr_par' dir='ltr' id='par_1_14' title="bbox 227 3164 757 3230">
     <span class='ocr_line' id='line_1_30' title="bbox 227 3164 757 3230; baseline 0.002 -15"><span class='ocrx_word' id='word_1_181' title='bbox 227 3164 272 3215; x_wconf 86' lang='lat' dir='ltr'>Cui</span> <span class='ocrx_word' id='word_1_182' title='bbox 282 3164 352 3227; x_wconf 83' lang='lat' dir='ltr'>pellis</span> <span class='ocrx_word' id='word_1_183' title='bbox 362 3167 425 3215; x_wconf 84' lang='lat' dir='ltr'>latos</span> <span class='ocrx_word' id='word_1_184' title='bbox 436 3168 552 3216; x_wconf 87' lang='lat' dir='ltr'>humeros</span> <span class='ocrx_word' id='word_1_185' title='bbox 562 3174 646 3230; x_wconf 87' lang='lat' dir='ltr'>erepta</span> <span class='ocrx_word' id='word_1_186' title='bbox 653 3170 757 3228; x_wconf 73' lang='lat' dir='ltr'>Juvenco</span> 
     </span>
    </p>
   </div>
   <div class='ocr_carea' id='block_1_5' title="bbox 0 0 1172 3734">
    <p class='ocr_par' dir='ltr' id='par_1_15' title="bbox 0 0 1172 3734">
     <span class='ocr_line' id='line_1_31' title="bbox 0 0 1172 3734; baseline 0 0"><span class='ocrx_word' id='word_1_187' title='bbox 0 0 1172 3734; x_wconf 95' lang='lat' dir='ltr'> </span> 
     </span>
    </p>
   </div>
  </div>
 </body>
</html>
