2334 3734
380 524 579 577 GEORGICON
598 531 660 580 nrss.
679 531 723 582 lli.
920 528 952 584 91'

144 649 260 714 Spiritus,
272 651 397 702 interdum
408 653 499 715 gemitu
511 657 606 719 gmrls3
623 657 720 722 imoque
730 661 806 722 longo

143 739 189 789 illa
199 740 310 803 singulm
320 741 441 805 tendunt;
459 743 480 793 it
491 744 651 796 neribusster

143 829 258 892 sangnis,
270 837 295 880 et
306 832 417 880 obsesses
428 833 509 882 fames
520 835 610 896 premit
620 849 706 899 aspere
716 837 814 900 lingue:

144 918 242 968 Profuit
254 919 347 969 inserto
360 920 442 970 latices
455 920 584 972 infundere
595 937 675 974 cornu

144 1009 265 1072 Lenseos5
283 1022 312 1058 ee
322 1007 374 1059 vise
383 1011 448 1058 selus
461 1009 624 1060 morientibus
636 1025 693 1062 uus

146 1098 209 1146 Mox
221 1105 275 1147 eret
286 1098 333 1148 hoo
344 1098 424 1161 ipsum
435 1099 523 1159 exitio,
534 1099 653 1162 furiisque
663 1101 748 1151 reiecti

144 1187 283 1248 Ardebant,
297 1187 391 1251 ipsique
402 1190 531 1249 suos,1sm
544 1197 624 1238 morte
636 1191 681 1238 snb
692 1203 769 1252 egre,

150 1278 159 1330 1
161 1278 196 1325 Dl
208 1275 313 1326 meliora
322 1277 380 1340 piis,
392 1291 550 1340 erroremque
560 1277 674 1328 hostibus
684 1278 756 1328 illum
767 1278 787 1340 1)

147 1364 268 1414 Discissos
280 1364 352 1414 nudis
363 1365 489 1415 laniabunt
499 1365 612 1416 dentibus
624 1373 699 1416 arms.

148 1454 211 1504 Ecce
223 1461 307 1505 sutem
315 1454 377 1504 duro
390 1455 486 1506 fumans
499 1457 544 1506 sub
555 1470 653 1506 vomere
664 1465 749 1507 tennes

149 1543 272 1604 Concidit,
286 1551 311 1593 et
321 1543 426 1594 mixtum
437 1544 529 1608 spumis
539 1545 617 1595 vomit
627 1559 671 1595 ore
682 1559 806 1605 eruorem,

150 1632 330 1695 Extremusque
340 1633 387 1682 ciet
399 1633 511 1694 genius.
545 1635 568 1682 lt
579 1633 656 1685 tristis
667 1642 759 1695 emtor,

152 1723 295 1772 Merentem
306 1723 439 1784 abiungens
451 1724 560 1773 fraterne
571 1731 652 1774 morte
658 1725 808 1785 juvencum

152 1814 231 1875 Aque
242 1827 317 1876 opere
328 1813 353 1862 in
366 1813 446 1863 medio
458 1813 539 1863 delixa
549 1812 648 1876 reliquit
658 1822 747 1863 smus.

154 1906 210 1953 Νοιι
222 1906 318 1954 umbrie
328 1905 434 1955 ultorum
448 1919 589 1966 nemorum,
600 1919 651 1954 non
662 1904 747 1954 mollis
758 1911 860 1968 possunt

155 1996 227 2044 Prote
239 2008 336 2045 movere
347 1994 468 2055 animum,
481 2009 541 2058 non,
553 1994 595 2057 qul
606 2009 650 2058 per
661 2007 720 2044 soxs
729 1995 827 2044 volutus

155 2084 243 2136 Purior
254 2084 346 2134 electro
357 2097 469 2148 campum
482 2083 542 2148 petit
553 2084 631 2134 omnis
642 2103 648 2132 ε
666 2093 691 2133 at
702 2084 752 2133 lms

155 2177 289 2228 Solrrmtur
300 2178 386 2236 latera,
398 2184 470 2238 atque
481 2177 565 2224 oeulos
578 2182 662 2237 stupor
672 2181 761 2236 urguet
770 2173 866 2234 inertis,

155 2266 194 2314 Ad
205 2273 345 2327 terramque
355 2265 411 2315 duit
421 2265 513 2314 devexo
525 2265 630 2328 pondere
642 2264 733 2313 cervix.
843 2320 846 2326 ,

157 2354 221 2408 Quid
232 2354 313 2414 labor,
325 2361 367 2404 aut
377 2353 503 2403 benefecta
510 2355 597 2414 juvant
607 2355 617 2401 1
636 2352 695 2415 quid
706 2366 804 2401 vomere
816 2359 894 2400 terres

158 2442 288 2492 invertisse
299 2443 397 2506 gravis?
417 2441 483 2504 etqui
494 2456 545 2492 non
558 2441 664 2491 Messlea
675 2439 763 2489 Beecbl

157 2533 272 2593 Munere,
284 2546 334 2581 non
346 2531 396 2580 illis
408 2532 485 2594 epula
497 2543 603 2580 nocuere
614 2536 732 2592 repostus:

158 2619 294 2670 Frondibus
305 2626 331 2668 et
341 2619 406 2669 victu
417 2627 549 2683 poscuntur
560 2617 676 2682 simplicis
687 2617 776 2666 herbo.

159 2710 249 2759 Poeuls
259 2717 317 2760 sunt
328 2710 408 2759 fontes
420 2707 517 2771 liquidi,
529 2715 601 2770 atque
611 2706 719 2757 exercite
728 2714 803 2757 eursu

158 2799 282 2861 Flumine,
291 2814 337 2850 nee
349 2811 448 2849 somnos
457 2798 580 2862 abrumpit
591 2811 651 2847 cure
661 2797 777 2846 salubres.

160 2890 282 2953 Tempore
293 2895 343 2938 non‘
355 2889 404 2938 elio
415 2889 499 2937 dieunt
510 2886 649 2949 regionibus
659 2885 710 2935 illis

161 2977 281 3032 Qusslos
292 2977 323 3026 nd
334 2991 402 3027 sacre
411 2978 484 3026 boves
495 2975 613 3035 lunonis,
624 2981 651 3024 et
660 2973 711 3022 urle

161 3066 289 3130 inparibus
300 3067 385 3116 ductos
396 3066 446 3116 altu
456 3065 487 3114 ed
497 3063 598 3113 doneris
605 3075 698 3112 currus.
