2334 3734
382 526 579 576 GEORGICON
596 527 658 576 ΗΒ.
677 528 695 575 1.

127 657 167 705 Ne
179 661 304 710 noemma
315 653 413 716 quidem
424 662 550 717 carpentes
562 668 638 718 peuea
648 656 736 718 puellae

128 746 264 795 Neecivere
274 745 396 794 hiemem:
415 751 477 793 tenta
488 757 563 806 quum
575 744 675 794 ardente
684 744 795 794 viderent

128 834 273 884 Scintillarc
284 834 377 893 oleum,
388 839 413 881 et
423 832 501 894 pernis
512 846 667 883 concrescere
677 836 774 896 mogon.

163 926 217 972 Nec
228 922 312 976 minua
324 935 356 970 ex
364 921 442 970 imbri
454 921 519 970 solen
530 929 556 972 ee
565 930 650 985 aperta
660 935 745 971 recena

56 997 58 999 ¹
129 1013 275 1074 Prospicere
287 1019 312 1060 et
323 1011 395 1060 certis
408 1010 498 1074 poteris
507 1025 652 1072 cognoscere
660 1011 743 1073 signin.

130 1104 197 1150 Nam
209 1115 288 1162 neque
299 1108 352 1149 ium
364 1100 441 1150 ocellis
454 1101 516 1150 acies
527 1101 615 1150 obem
624 1100 734 1164 videtur3

130 1194 183 1240 Nec
195 1191 278 1241 fratris
290 1190 364 1240 radiis
377 1190 483 1241 obnoxia
494 1205 593 1252 surque
607 1192 693 1252 Luna3

128 1282 225 1330 Tenuia
236 1296 281 1330 nec
292 1283 355 1330 lanae
368 1296 410 1345 per
423 1283 513 1330 coelum
523 1281 616 1330 vellera
622 1280 698 1343 ferri3

129 1372 187 1418 Non
198 1371 310 1434 tepidum
322 1370 353 1418 ad
362 1371 441 1420 colem
451 1383 542 1433 pennas
554 1370 580 1418 iu
592 1369 665 1418 iitore
675 1368 787 1432 pandunt

131 1459 233 1510 Dilectae
246 1457 344 1506 Thetidi
356 1459 483 1522 alcyones3
502 1473 552 1508 nou
564 1472 608 1507 ore
617 1460 712 1507 coluron

132 1548 248 1598 inmundi
260 1547 394 1596 meminere
405 1561 460 1596 suen
468 1549 561 1608 jactare
573 1546 694 1610 maniplos
704 1565 710 1594 ε

129 1641 161 1686 At
168 1639 266 1687 nebulae
278 1637 354 1698 magis
365 1637 414 1686 ima
424 1645 520 1700 petunt,
531 1651 664 1699 campoque
672 1638 834 1697 recumbnnr3

130 1729 194 1776 Solis
206 1737 232 1776 er
242 1740 355 1775 occanum
365 1739 464 1774 nervam
475 1726 506 1774 de
516 1726 625 1775 culmine
636 1740 733 1775 nummo

130 1816 303 1879 Nequidquam
314 1828 381 1864 acron
392 1822 489 1864 exercet
500 1822 590 1863 noctua
600 1822 692 1863 canum.

130 1906 238 1970 Adparet
247 1904 341 1966 liquido
352 1903 465 1952 sublimis
476 1903 501 1950 in
513 1917 569 1952 aere
581 1903 667 1962 Ninus,

130 1997 162 2044 Et
173 2010 220 2058 pro
232 2008 355 2058 purpureo
364 2005 450 2056 prenae
462 1991 503 2041 dar
515 1992 597 2054 Scylla
605 1991 709 2055 capili03

130 2086 289 2144 Quacumque
298 2083 341 2130 illn
352 2083 430 2131 ierem
440 2081 535 2142 mucor
547 2087 612 2130 necet
621 2081 714 2129 ethera
724 2078 822 2142 munio,

128 2175 190 2222 Ecce
202 2171 328 2230 inimicus,
340 2177 421 2230 atrox,
434 2183 522 2232 magno
534 2169 638 2218 stridore
648 2182 691 2231 per
702 2180 773 2216 auran

132 2261 273 2324 insequitur
285 2260 374 2309 Nisus:
393 2274 440 2322 qua
452 2274 479 2308 ae
489 2261 537 2309 fert
549 2259 625 2308 Ninus
636 2257 667 2305 ad
677 2270 759 2316 uncae,

132 2353 178 2400 lila
187 2353 268 2400 levem
280 2349 373 2411 iugienn
386 2349 473 2412 raptim
486 2355 552 2398 necat
562 2348 653 2396 ethera
663 2344 758 2408 penuie.

131 2441 195 2488 'I'um
207 2437 313 2500 liquidae
325 2437 391 2486 corvi
399 2451 485 2500 prenso
497 2444 534 2484 ter
543 2442 641 2498 guernre
652 2446 722 2483 vooee

134 2532 183 2578 Aut
195 2537 282 2590 quater
293 2527 459 2589 ingeminant3
477 2533 502 2574 et
512 2537 576 2587 naepe
587 2522 708 2572 cubilibus
719 2518 785 2579 aleia,

138 2617 227 2666 Nescio
239 2631 287 2678 qua
297 2623 385 2678 preter
397 2616 497 2665 solitum
508 2613 636 2662 dulcedine
646 2611 707 2671 leti,

138 2708 204 2756 Inter
215 2720 242 2756 ae
253 2705 319 2754 foliis
331 2705 477 2768 nuepieant3
491 2705 560 2764 J'uvat
571 2701 689 2750 imbribus
700 2700 760 2750 actia

138 2796 284 2858 Progeniem
295 2809 394 2858 parvam
406 2793 531 2855 dulcisque
542 2791 647 2840 revisere
659 2790 739 2840 nidoe.

140 2886 210 2934 Haud
221 2885 334 2947 equidem
345 2884 428 2943 credo,
440 2883 497 2945 quia
507 2882 539 2930 nit
549 2881 665 2930 divinitus
676 2878 726 2928 illia

140 2975 276 3036 ingenium,
290 2982 424 3024 curruum
437 2973 488 3022 faro
498 2971 628 3036 prudentia
637 2971 731 3029 major:

139 3066 239 3126 Verum,
251 3065 295 3114 ubi
306 3071 437 3128 compescen
449 3070 474 3112 et
484 3061 541 3110 ooeli
551 3059 651 3109 mobilis
662 3058 752 3107 humor

144 3153 266 3202 Mutavere
278 3154 339 3215 vius,
352 3160 377 3202 et
387 3151 501 3214 Juppiter
512 3149 599 3200 uvidus
611 3146 698 3198 austris
