<?xml version="1.0" encoding="UTF-8"?>
<!DOCTYPE html PUBLIC "-//W3C//DTD XHTML 1.0 Transitional//EN"
    "http://www.w3.org/TR/xhtml1/DTD/xhtml1-transitional.dtd">
<html xmlns="http://www.w3.org/1999/xhtml" xml:lang="en" lang="en">
 <head>
  <title>
</title>
<meta http-equiv="Content-Type" content="text/html;charset=utf-8" />
  <meta name='ocr-system' content='tesseract 3.04.00' />
  <meta name='ocr-capabilities' content='ocr_page ocr_carea ocr_par ocr_line ocrx_word'/>
</head>
<body>
  <div class='ocr_page' id='page_1' title='image "./publiivirgiliim00heyngoog/publiivirgiliim00heyngoog_0376.png"; bbox 0 0 2334 3734; ppageno 0'>
   <div class='ocr_carea' id='block_1_1' title="bbox 198 465 767 519">
    <p class='ocr_par' dir='ltr' id='par_1_1' title="bbox 198 465 767 519">
     <span class='ocr_line' id='line_1_1' title="bbox 198 465 767 519; baseline 0.005 -3"><span class='ocrx_word' id='word_1_1' title='bbox 198 466 248 516; x_wconf 78' lang='lat'><strong>366</strong></span> <span class='ocrx_word' id='word_1_2' title='bbox 416 465 444 515; x_wconf 86' lang='lat' dir='ltr'><strong>P.</strong></span> <span class='ocrx_word' id='word_1_3' title='bbox 460 465 598 515; x_wconf 76' lang='lat' dir='ltr'>VIRGILH</span> <span class='ocrx_word' id='word_1_4' title='bbox 614 466 767 519; x_wconf 82' lang='lat' dir='ltr'>MARONIS</span> 
     </span>
    </p>
   </div>
   <div class='ocr_carea' id='block_1_2' title="bbox 191 592 896 1024">
    <p class='ocr_par' dir='ltr' id='par_1_2' title="bbox 194 592 798 658">
     <span class='ocr_line' id='line_1_2' title="bbox 194 592 798 658; baseline 0.003 -15"><span class='ocrx_word' id='word_1_5' title='bbox 194 594 310 657; x_wconf 74' lang='lat' dir='ltr'><strong>Princeps</strong></span> <span class='ocrx_word' id='word_1_6' title='bbox 320 592 445 643; x_wconf 75' lang='lat' dir='ltr'>ardentem</span> <span class='ocrx_word' id='word_1_7' title='bbox 455 594 560 655; x_wconf 85' lang='lat' dir='ltr'><strong>conjecit</strong></span> <span class='ocrx_word' id='word_1_8' title='bbox 567 594 679 658; x_wconf 84' lang='lat' dir='ltr'><strong>lampada</strong></span> <span class='ocrx_word' id='word_1_9' title='bbox 689 598 798 657; x_wconf 60' lang='lat' dir='ltr'><strong>mrum,</strong></span> 
     </span>
    </p>

    <p class='ocr_par' dir='ltr' id='par_1_3' title="bbox 193 681 826 837">
     <span class='ocr_line' id='line_1_3' title="bbox 193 681 826 749; baseline 0.003 -16"><span class='ocrx_word' id='word_1_10' title='bbox 193 686 226 733; x_wconf 83' lang='lat' dir='ltr'><strong>Et</strong></span> <span class='ocrx_word' id='word_1_11' title='bbox 236 685 360 735; x_wconf 83' lang='lat' dir='ltr'><strong>flammam</strong></span> <span class='ocrx_word' id='word_1_12' title='bbox 371 684 457 733; x_wconf 83' lang='lat' dir='ltr'><strong>adfixit</strong></span> <span class='ocrx_word' id='word_1_13' title='bbox 467 684 538 733; x_wconf 84' lang='lat' dir='ltr'><strong>lateri</strong></span> <span class='ocrx_word' id='word_1_14' title='bbox 547 705 556 747; x_wconf 64' lang='grc' dir='ltr'><strong>ς</strong></span> <span class='ocrx_word' id='word_1_15' title='bbox 573 699 626 747; x_wconf 80' lang='lat' dir='ltr'><strong>quae</strong></span> <span class='ocrx_word' id='word_1_16' title='bbox 637 685 742 749; x_wconf 83' lang='lat' dir='ltr'><strong>plurima</strong></span> <span class='ocrx_word' id='word_1_17' title='bbox 753 681 826 735; x_wconf 72' lang='lat' dir='ltr'><strong>rento</strong></span> 
     </span>
     <span class='ocr_line' id='line_1_4' title="bbox 196 774 773 837; baseline -0.002 -13"><span class='ocrx_word' id='word_1_18' title='bbox 196 774 325 837; x_wconf 84' lang='lat' dir='ltr'><strong>Conripuit</strong></span> <span class='ocrx_word' id='word_1_19' title='bbox 334 776 440 834; x_wconf 77' lang='lat' dir='ltr'><strong>tabulas,</strong></span> <span class='ocrx_word' id='word_1_20' title='bbox 449 782 474 823; x_wconf 89' lang='lat' dir='ltr'><strong>et</strong></span> <span class='ocrx_word' id='word_1_21' title='bbox 484 774 594 836; x_wconf 78' lang='lat' dir='ltr'><strong>pontibus</strong></span> <span class='ocrx_word' id='word_1_22' title='bbox 605 774 676 823; x_wconf 74' lang='lat' dir='ltr'><strong>haesit</strong></span> <span class='ocrx_word' id='word_1_23' title='bbox 687 774 773 825; x_wconf 74' lang='lat' dir='ltr'><strong>adesis.</strong></span> 
     </span>
    </p>

    <p class='ocr_par' dir='ltr' id='par_1_4' title="bbox 191 862 793 925">
     <span class='ocr_line' id='line_1_5' title="bbox 191 862 793 925; baseline 0 -14"><span class='ocrx_word' id='word_1_24' title='bbox 191 863 294 912; x_wconf 81' lang='lat' dir='ltr'>Turbati</span> <span class='ocrx_word' id='word_1_25' title='bbox 305 862 424 925; x_wconf 89' lang='lat' dir='ltr'><strong>trepidare</strong></span> <span class='ocrx_word' id='word_1_26' title='bbox 435 862 511 922; x_wconf 81' lang='lat' dir='ltr'><strong>intus,</strong></span> <span class='ocrx_word' id='word_1_27' title='bbox 521 863 659 925; x_wconf 79' lang='lat' dir='ltr'><strong>frustraque</strong></span> <span class='ocrx_word' id='word_1_28' title='bbox 671 863 793 911; x_wconf 87' lang='lat' dir='ltr'><strong>malorum</strong></span> 
     </span>
    </p>

    <p class='ocr_par' dir='ltr' id='par_1_5' title="bbox 193 950 896 1024">
     <span class='ocr_line' id='line_1_6' title="bbox 193 950 896 1024; baseline -0.003 -23"><span class='ocrx_word' id='word_1_29' title='bbox 193 952 264 1001; x_wconf 90' lang='lat' dir='ltr'><strong>Velle</strong></span> <span class='ocrx_word' id='word_1_30' title='bbox 274 952 364 1013; x_wconf 82' lang='lat' dir='ltr'><strong>fugam.</strong></span> <span class='ocrx_word' id='word_1_31' title='bbox 396 954 461 1001; x_wconf 86' lang='lat' dir='ltr'><strong>Dum</strong></span> <span class='ocrx_word' id='word_1_32' title='bbox 473 966 499 1002; x_wconf 79' lang='lat' dir='ltr'><strong>ae</strong></span> <span class='ocrx_word' id='word_1_33' title='bbox 508 952 655 1024; x_wconf 73' lang='lat' dir='ltr'><strong>glomerant,</strong></span> <span class='ocrx_word' id='word_1_34' title='bbox 663 959 777 1014; x_wconf 85' lang='lat' dir='ltr'><strong>retroque</strong></span> <span class='ocrx_word' id='word_1_35' title='bbox 786 950 896 1001; x_wconf 80' lang='lat' dir='ltr'><strong>residunt</strong></span> 
     </span>
    </p>
   </div>
   <div class='ocr_carea' id='block_1_3' title="bbox 182 1038 988 3143">
    <p class='ocr_par' dir='ltr' id='par_1_6' title="bbox 193 1038 864 1371">
     <span class='ocr_line' id='line_1_7' title="bbox 195 1038 864 1105; baseline 0 -18"><span class='ocrx_word' id='word_1_36' title='bbox 195 1041 224 1087; x_wconf 87' lang='lat' dir='ltr'><strong>In</strong></span> <span class='ocrx_word' id='word_1_37' title='bbox 235 1048 339 1102; x_wconf 85' lang='lat' dir='ltr'><strong>partem,</strong></span> <span class='ocrx_word' id='word_1_38' title='bbox 351 1054 404 1099; x_wconf 77' lang='lat' dir='ltr'><strong>quae</strong></span> <span class='ocrx_word' id='word_1_39' title='bbox 415 1046 482 1102; x_wconf 82' lang='lat' dir='ltr'><strong>peste</strong></span> <span class='ocrx_word' id='word_1_40' title='bbox 492 1047 576 1088; x_wconf 84' lang='lat' dir='ltr'><strong>caret:</strong></span> <span class='ocrx_word' id='word_1_41' title='bbox 595 1046 648 1087; x_wconf 86' lang='lat' dir='ltr'><strong>tum</strong></span> <span class='ocrx_word' id='word_1_42' title='bbox 660 1038 767 1100; x_wconf 82' lang='lat' dir='ltr'><strong>pondere</strong></span> <span class='ocrx_word' id='word_1_43' title='bbox 778 1038 864 1105; x_wconf 58' lang='lat' dir='ltr'><strong>turrisv</strong></span> 
     </span>
     <span class='ocr_line' id='line_1_8' title="bbox 193 1127 840 1188; baseline -0.002 -13"><span class='ocrx_word' id='word_1_44' title='bbox 193 1128 325 1177; x_wconf 84' lang='lat' dir='ltr'><strong>Procubuit</strong></span> <span class='ocrx_word' id='word_1_45' title='bbox 333 1127 425 1186; x_wconf 77' lang='lat' dir='ltr'><strong>subito,</strong></span> <span class='ocrx_word' id='word_1_46' title='bbox 436 1135 461 1175; x_wconf 87' lang='lat' dir='ltr'><strong>et</strong></span> <span class='ocrx_word' id='word_1_47' title='bbox 471 1129 562 1175; x_wconf 88' lang='lat' dir='ltr'><strong>eoelum</strong></span> <span class='ocrx_word' id='word_1_48' title='bbox 572 1134 641 1175; x_wconf 85' lang='lat' dir='ltr'><strong>tonat</strong></span> <span class='ocrx_word' id='word_1_49' title='bbox 652 1141 726 1175; x_wconf 85' lang='lat' dir='ltr'><strong>omne</strong></span> <span class='ocrx_word' id='word_1_50' title='bbox 737 1128 840 1188; x_wconf 75' lang='lat' dir='ltr'><strong>fragore.</strong></span> 
     </span>
     <span class='ocr_line' id='line_1_9' title="bbox 196 1215 772 1277; baseline 0 -12"><span class='ocrx_word' id='word_1_51' title='bbox 196 1216 334 1266; x_wconf 80' lang='lat' dir='ltr'><strong>Semineces</strong></span> <span class='ocrx_word' id='word_1_52' title='bbox 344 1216 376 1265; x_wconf 88' lang='lat' dir='ltr'><strong>ad</strong></span> <span class='ocrx_word' id='word_1_53' title='bbox 385 1224 487 1276; x_wconf 89' lang='lat' dir='ltr'><strong>terram,</strong></span> <span class='ocrx_word' id='word_1_54' title='bbox 499 1215 592 1265; x_wconf 84' lang='lat' dir='ltr'><strong>inmani</strong></span> <span class='ocrx_word' id='word_1_55' title='bbox 604 1217 670 1268; x_wconf 84' lang='lat' dir='ltr'><strong>mole</strong></span> <span class='ocrx_word' id='word_1_56' title='bbox 680 1223 772 1277; x_wconf 69' lang='lat' dir='ltr'><strong>serua,</strong></span> 
     </span>
     <span class='ocr_line' id='line_1_10' title="bbox 200 1304 701 1371; baseline -0.006 -15"><span class='ocrx_word' id='word_1_57' title='bbox 200 1305 406 1367; x_wconf 67' lang='lat' dir='ltr'><strong>Confixiquenuis</strong></span> <span class='ocrx_word' id='word_1_58' title='bbox 418 1305 484 1371; x_wconf 73' lang='lat' dir='ltr'><strong>telin,</strong></span> <span class='ocrx_word' id='word_1_59' title='bbox 495 1313 521 1354; x_wconf 89' lang='lat' dir='ltr'><strong>et</strong></span> <span class='ocrx_word' id='word_1_60' title='bbox 530 1313 629 1367; x_wconf 80' lang='lat' dir='ltr'><strong>pectora</strong></span> <span class='ocrx_word' id='word_1_61' title='bbox 639 1304 701 1355; x_wconf 88' lang='lat' dir='ltr'><strong>duro</strong></span> 
     </span>
    </p>

    <p class='ocr_par' dir='ltr' id='par_1_7' title="bbox 197 1394 829 1456">
     <span class='ocr_line' id='line_1_11' title="bbox 197 1394 829 1456; baseline -0.003 -11"><span class='ocrx_word' id='word_1_62' title='bbox 197 1395 337 1445; x_wconf 72' lang='lat' dir='ltr'><strong>&#39;lransfossi</strong></span> <span class='ocrx_word' id='word_1_63' title='bbox 348 1395 542 1456; x_wconf 60' lang='lat' dir='ltr'><strong>figam-veniunt.</strong></span> <span class='ocrx_word' id='word_1_64' title='bbox 560 1395 623 1443; x_wconf 53' lang='lat' dir='ltr'><strong>&#39;Vix</strong></span> <span class='ocrx_word' id='word_1_65' title='bbox 635 1408 698 1453; x_wconf 82' lang='lat' dir='ltr'><strong>unus</strong></span> <span class='ocrx_word' id='word_1_66' title='bbox 711 1394 829 1453; x_wconf 78' lang='lat' dir='ltr'><strong>Helenor,</strong></span> 
     </span>
    </p>

    <p class='ocr_par' dir='ltr' id='par_1_8' title="bbox 182 1464 899 1815">
     <span class='ocr_line' id='line_1_12' title="bbox 197 1464 899 1549; baseline -0.004 -15"><span class='ocrx_word' id='word_1_67' title='bbox 197 1486 230 1534; x_wconf 81' lang='lat' dir='ltr'><strong>Et</strong></span> <span class='ocrx_word' id='word_1_68' title='bbox 243 1487 318 1549; x_wconf 81' lang='lat' dir='ltr'><strong>Lycus</strong></span> <span class='ocrx_word' id='word_1_69' title='bbox 328 1483 421 1534; x_wconf 81' lang='lat' dir='ltr'><strong>elabai:</strong></span> <span class='ocrx_word' id='word_1_70' title='bbox 440 1498 545 1547; x_wconf 87' lang='lat' dir='ltr'><strong>quorum</strong></span> <span class='ocrx_word' id='word_1_71' title='bbox 555 1464 684 1547; x_wconf 62' lang='lat' dir='ltr'><strong>primores</strong></span> <span class='ocrx_word' id='word_1_72' title='bbox 697 1485 816 1543; x_wconf 83' lang='lat' dir='ltr'><strong>Helenor,</strong></span> <span class='ocrx_word' id='word_1_73' title='bbox 897 1516 899 1521; x_wconf 89' lang='lat'>-</span> 
     </span>
     <span class='ocr_line' id='line_1_13' title="bbox 201 1573 770 1637; baseline 0.004 -16"><span class='ocrx_word' id='word_1_74' title='bbox 201 1573 309 1622; x_wconf 87' lang='lat' dir='ltr'><strong>Maeonio</strong></span> <span class='ocrx_word' id='word_1_75' title='bbox 320 1574 370 1635; x_wconf 81' lang='lat' dir='ltr'><strong>regi</strong></span> <span class='ocrx_word' id='word_1_76' title='bbox 381 1589 454 1636; x_wconf 86' lang='lat' dir='ltr'><strong>quem</strong></span> <span class='ocrx_word' id='word_1_77' title='bbox 465 1588 534 1623; x_wconf 76' lang='lat' dir='ltr'><strong>serva</strong></span> <span class='ocrx_word' id='word_1_78' title='bbox 545 1574 672 1637; x_wconf 77' lang='lat' dir='ltr'><strong>Licymnia</strong></span> <span class='ocrx_word' id='word_1_79' title='bbox 683 1573 770 1623; x_wconf 81' lang='lat' dir='ltr'><strong>furtim</strong></span> 
     </span>
     <span class='ocr_line' id='line_1_14' title="bbox 182 1660 843 1725; baseline 0.003 -14"><span class='ocrx_word' id='word_1_80' title='bbox 182 1691 184 1694; x_wconf 95' lang='lat'>-</span> <span class='ocrx_word' id='word_1_81' title='bbox 200 1662 347 1722; x_wconf 79' lang='lat' dir='ltr'><strong>Suetulerat,</strong></span> <span class='ocrx_word' id='word_1_82' title='bbox 358 1663 485 1725; x_wconf 82' lang='lat' dir='ltr'><strong>vetitisque</strong></span> <span class='ocrx_word' id='word_1_83' title='bbox 496 1664 527 1711; x_wconf 86' lang='lat' dir='ltr'><strong>ad</strong></span> <span class='ocrx_word' id='word_1_84' title='bbox 538 1665 639 1723; x_wconf 83' lang='lat' dir='ltr'><strong>Trojam</strong></span> <span class='ocrx_word' id='word_1_85' title='bbox 651 1662 750 1711; x_wconf 77' lang='lat' dir='ltr'><strong>miserat</strong></span> <span class='ocrx_word' id='word_1_86' title='bbox 758 1660 843 1721; x_wconf 70' lang='lat' dir='ltr'><strong>armis,</strong></span> 
     </span>
     <span class='ocr_line' id='line_1_15' title="bbox 202 1751 768 1815; baseline 0.002 -15"><span class='ocrx_word' id='word_1_87' title='bbox 202 1752 268 1800; x_wconf 75' lang='lat' dir='ltr'><strong>Ense</strong></span> <span class='ocrx_word' id='word_1_88' title='bbox 278 1751 338 1800; x_wconf 80' lang='lat' dir='ltr'><strong>levin</strong></span> <span class='ocrx_word' id='word_1_89' title='bbox 348 1752 426 1812; x_wconf 89' lang='lat' dir='ltr'><strong>nudo,</strong></span> <span class='ocrx_word' id='word_1_90' title='bbox 437 1766 568 1815; x_wconf 83' lang='lat' dir='ltr'><strong>parmaque</strong></span> <span class='ocrx_word' id='word_1_91' title='bbox 575 1752 694 1813; x_wconf 80' lang='lat' dir='ltr'><strong>inglorius</strong></span> <span class='ocrx_word' id='word_1_92' title='bbox 705 1752 768 1801; x_wconf 73' lang='lat' dir='ltr'><strong>alba</strong></span> 
     </span>
    </p>

    <p class='ocr_par' dir='ltr' id='par_1_9' title="bbox 202 1839 786 1901">
     <span class='ocr_line' id='line_1_16' title="bbox 202 1839 786 1901; baseline 0.005 -14"><span class='ocrx_word' id='word_1_93' title='bbox 202 1840 275 1901; x_wconf 81' lang='lat' dir='ltr'><strong>inque</strong></span> <span class='ocrx_word' id='word_1_94' title='bbox 286 1839 328 1887; x_wconf 92' lang='lat' dir='ltr'><strong>ubi</strong></span> <span class='ocrx_word' id='word_1_95' title='bbox 339 1853 365 1887; x_wconf 86' lang='lat' dir='ltr'><strong>se</strong></span> <span class='ocrx_word' id='word_1_96' title='bbox 376 1839 454 1887; x_wconf 87' lang='lat' dir='ltr'><strong>Turni</strong></span> <span class='ocrx_word' id='word_1_97' title='bbox 465 1840 545 1887; x_wconf 87' lang='lat' dir='ltr'><strong>media</strong></span> <span class='ocrx_word' id='word_1_98' title='bbox 553 1840 618 1888; x_wconf 86' lang='lat' dir='ltr'><strong>inter</strong></span> <span class='ocrx_word' id='word_1_99' title='bbox 627 1840 706 1889; x_wconf 84' lang='lat' dir='ltr'><strong>millia</strong></span> <span class='ocrx_word' id='word_1_100' title='bbox 717 1840 786 1901; x_wconf 83' lang='lat' dir='ltr'><strong>vidit,</strong></span> 
     </span>
    </p>

    <p class='ocr_par' dir='ltr' id='par_1_10' title="bbox 204 1927 798 1987">
     <span class='ocr_line' id='line_1_17' title="bbox 204 1927 798 1987; baseline 0.005 -12"><span class='ocrx_word' id='word_1_101' title='bbox 204 1927 268 1975; x_wconf 83' lang='lat' dir='ltr'><strong>Hinc</strong></span> <span class='ocrx_word' id='word_1_102' title='bbox 279 1927 353 1986; x_wconf 79' lang='lat' dir='ltr'><strong>acies,</strong></span> <span class='ocrx_word' id='word_1_103' title='bbox 365 1935 437 1987; x_wconf 88' lang='lat' dir='ltr'><strong>atque</strong></span> <span class='ocrx_word' id='word_1_104' title='bbox 448 1927 506 1974; x_wconf 92' lang='lat' dir='ltr'><strong>hinc</strong></span> <span class='ocrx_word' id='word_1_105' title='bbox 517 1927 580 1975; x_wconf 78' lang='lat' dir='ltr'><strong>acies</strong></span> <span class='ocrx_word' id='word_1_106' title='bbox 592 1928 688 1977; x_wconf 77' lang='lat' dir='ltr'><strong>adstare</strong></span> <span class='ocrx_word' id='word_1_107' title='bbox 700 1928 798 1977; x_wconf 78' lang='lat' dir='ltr'><strong>Latinae</strong></span> 
     </span>
    </p>

    <p class='ocr_par' dir='ltr' id='par_1_11' title="bbox 203 2013 807 2257">
     <span class='ocr_line' id='line_1_18' title="bbox 203 2013 807 2079; baseline 0.002 -15"><span class='ocrx_word' id='word_1_108' title='bbox 203 2016 240 2064; x_wconf 86' lang='lat' dir='ltr'><strong>Ut</strong></span> <span class='ocrx_word' id='word_1_109' title='bbox 250 2016 311 2075; x_wconf 80' lang='lat' dir='ltr'><strong>iera,</strong></span> <span class='ocrx_word' id='word_1_110' title='bbox 322 2030 384 2075; x_wconf 75' lang='lat' dir='ltr'><strong>qun,</strong></span> <span class='ocrx_word' id='word_1_111' title='bbox 393 2013 468 2063; x_wconf 78' lang='lat' dir='ltr'><strong>denna</strong></span> <span class='ocrx_word' id='word_1_112' title='bbox 478 2024 610 2065; x_wconf 82' lang='lat' dir='ltr'><strong>venantum</strong></span> <span class='ocrx_word' id='word_1_113' title='bbox 619 2024 694 2079; x_wconf 80' lang='lat' dir='ltr'><strong>saepta</strong></span> <span class='ocrx_word' id='word_1_114' title='bbox 704 2030 807 2078; x_wconf 87' lang='lat' dir='ltr'><strong>corona,</strong></span> 
     </span>
     <span class='ocr_line' id='line_1_19' title="bbox 206 2103 801 2170; baseline 0.005 -17"><span class='ocrx_word' id='word_1_115' title='bbox 206 2103 299 2170; x_wconf 83' lang='lat' dir='ltr'><strong>Contra</strong></span> <span class='ocrx_word' id='word_1_116' title='bbox 306 2104 355 2152; x_wconf 83' lang='lat' dir='ltr'><strong>tela</strong></span> <span class='ocrx_word' id='word_1_117' title='bbox 366 2104 436 2165; x_wconf 83' lang='lat' dir='ltr'><strong>furit,</strong></span> <span class='ocrx_word' id='word_1_118' title='bbox 448 2118 547 2167; x_wconf 78' lang='lat' dir='ltr'><strong>seneque</strong></span> <span class='ocrx_word' id='word_1_119' title='bbox 555 2106 622 2154; x_wconf 90' lang='lat' dir='ltr'><strong>haud</strong></span> <span class='ocrx_word' id='word_1_120' title='bbox 634 2105 715 2155; x_wconf 76' lang='lat' dir='ltr'><strong>nescia</strong></span> <span class='ocrx_word' id='word_1_121' title='bbox 727 2105 801 2163; x_wconf 83' lang='lat' dir='ltr'><strong>morti</strong></span> 
     </span>
     <span class='ocr_line' id='line_1_20' title="bbox 206 2192 727 2257; baseline 0.012 -18"><span class='ocrx_word' id='word_1_122' title='bbox 206 2192 298 2253; x_wconf 85' lang='lat' dir='ltr'><strong>injicit,</strong></span> <span class='ocrx_word' id='word_1_123' title='bbox 310 2201 335 2241; x_wconf 85' lang='lat' dir='ltr'><strong>et</strong></span> <span class='ocrx_word' id='word_1_124' title='bbox 346 2194 409 2242; x_wconf 79' lang='lat' dir='ltr'><strong>saltu</strong></span> <span class='ocrx_word' id='word_1_125' title='bbox 421 2207 495 2257; x_wconf 82' lang='lat' dir='ltr'><strong>supra</strong></span> <span class='ocrx_word' id='word_1_126' title='bbox 505 2195 623 2243; x_wconf 87' lang='lat' dir='ltr'><strong>venabula</strong></span> <span class='ocrx_word' id='word_1_127' title='bbox 634 2196 727 2255; x_wconf 74' lang='lat' dir='ltr'><strong>fertur:</strong></span> 
     </span>
    </p>

    <p class='ocr_par' dir='ltr' id='par_1_12' title="bbox 206 2281 829 2433">
     <span class='ocr_line' id='line_1_21' title="bbox 206 2281 829 2350; baseline 0.003 -21"><span class='ocrx_word' id='word_1_128' title='bbox 206 2283 278 2350; x_wconf 74' lang='lat' dir='ltr'><strong>Haud</strong></span> <span class='ocrx_word' id='word_1_129' title='bbox 287 2282 356 2331; x_wconf 85' lang='lat' dir='ltr'><strong>aliter</strong></span> <span class='ocrx_word' id='word_1_130' title='bbox 360 2282 456 2343; x_wconf 74' lang='lat' dir='ltr'><strong>juvenis</strong></span> <span class='ocrx_word' id='word_1_131' title='bbox 468 2283 560 2331; x_wconf 81' lang='lat' dir='ltr'><strong>medios</strong></span> <span class='ocrx_word' id='word_1_132' title='bbox 571 2282 703 2336; x_wconf 73' lang='lat' dir='ltr'><strong>moriturus</strong></span> <span class='ocrx_word' id='word_1_133' title='bbox 714 2282 740 2331; x_wconf 89' lang='lat' dir='ltr'><strong>in</strong></span> <span class='ocrx_word' id='word_1_134' title='bbox 751 2281 829 2333; x_wconf 76' lang='lat' dir='ltr'><strong>hostin</strong></span> 
     </span>
     <span class='ocr_line' id='line_1_22' title="bbox 206 2370 806 2433; baseline -0.002 -14"><span class='ocrx_word' id='word_1_135' title='bbox 206 2370 286 2419; x_wconf 80' lang='lat' dir='ltr'><strong>Inruit</strong></span> <span class='ocrx_word' id='word_1_136' title='bbox 296 2391 305 2433; x_wconf 63' lang='grc' dir='ltr'><strong><em>ς</em></strong></span> <span class='ocrx_word' id='word_1_137' title='bbox 322 2379 356 2431; x_wconf 82' lang='lat' dir='ltr'><strong>et,</strong></span> <span class='ocrx_word' id='word_1_138' title='bbox 365 2385 413 2432; x_wconf 89' lang='lat' dir='ltr'><strong>qua</strong></span> <span class='ocrx_word' id='word_1_139' title='bbox 420 2372 470 2420; x_wconf 82' lang='lat' dir='ltr'><strong>tela</strong></span> <span class='ocrx_word' id='word_1_140' title='bbox 480 2371 545 2419; x_wconf 89' lang='lat' dir='ltr'><strong>videt</strong></span> <span class='ocrx_word' id='word_1_141' title='bbox 555 2370 708 2431; x_wconf 77' lang='lat' dir='ltr'><strong>densissima,</strong></span> <span class='ocrx_word' id='word_1_142' title='bbox 720 2370 806 2423; x_wconf 80' lang='lat' dir='ltr'><strong>tendit.</strong></span> 
     </span>
    </p>

    <p class='ocr_par' dir='ltr' id='par_1_13' title="bbox 205 2458 822 2523">
     <span class='ocr_line' id='line_1_23' title="bbox 205 2458 822 2523; baseline 0.003 -16"><span class='ocrx_word' id='word_1_143' title='bbox 205 2461 239 2508; x_wconf 78' lang='lat' dir='ltr'><strong>At</strong></span> <span class='ocrx_word' id='word_1_144' title='bbox 247 2459 347 2523; x_wconf 79' lang='lat' dir='ltr'><strong>pedibus</strong></span> <span class='ocrx_word' id='word_1_145' title='bbox 358 2460 429 2520; x_wconf 80' lang='lat' dir='ltr'><strong>longe</strong></span> <span class='ocrx_word' id='word_1_146' title='bbox 441 2460 528 2508; x_wconf 87' lang='lat' dir='ltr'><strong>melior</strong></span> <span class='ocrx_word' id='word_1_147' title='bbox 540 2461 616 2523; x_wconf 78' lang='lat' dir='ltr'><strong>Lycus</strong></span> <span class='ocrx_word' id='word_1_148' title='bbox 627 2460 690 2509; x_wconf 88' lang='lat' dir='ltr'><strong>inter</strong></span> <span class='ocrx_word' id='word_1_149' title='bbox 701 2466 726 2507; x_wconf 85' lang='lat' dir='ltr'><strong>et</strong></span> <span class='ocrx_word' id='word_1_150' title='bbox 732 2458 822 2519; x_wconf 64' lang='lat' dir='ltr'><strong>honde,</strong></span> 
     </span>
    </p>

    <p class='ocr_par' dir='ltr' id='par_1_14' title="bbox 197 2548 988 3143">
     <span class='ocr_line' id='line_1_24' title="bbox 207 2548 837 2609; baseline 0 -12"><span class='ocrx_word' id='word_1_151' title='bbox 207 2550 274 2598; x_wconf 86' lang='lat' dir='ltr'><strong>inter</strong></span> <span class='ocrx_word' id='word_1_152' title='bbox 283 2557 308 2597; x_wconf 85' lang='lat' dir='ltr'><strong>et</strong></span> <span class='ocrx_word' id='word_1_153' title='bbox 315 2562 394 2607; x_wconf 90' lang='lat' dir='ltr'><strong>arma,</strong></span> <span class='ocrx_word' id='word_1_154' title='bbox 406 2548 463 2608; x_wconf 80' lang='lat' dir='ltr'><strong>fuga</strong></span> <span class='ocrx_word' id='word_1_155' title='bbox 474 2563 557 2597; x_wconf 77' lang='lat' dir='ltr'><strong>muros</strong></span> <span class='ocrx_word' id='word_1_156' title='bbox 568 2556 642 2603; x_wconf 83' lang='lat' dir='ltr'><strong>tenet,</strong></span> <span class='ocrx_word' id='word_1_157' title='bbox 653 2550 749 2609; x_wconf 87' lang='lat' dir='ltr'><strong>altaque</strong></span> <span class='ocrx_word' id='word_1_158' title='bbox 760 2554 837 2597; x_wconf 85' lang='lat' dir='ltr'><strong>certat</strong></span> 
     </span>
     <span class='ocr_line' id='line_1_25' title="bbox 208 2616 988 2701; baseline 0 -16"><span class='ocrx_word' id='word_1_159' title='bbox 208 2637 329 2685; x_wconf 85' lang='lat' dir='ltr'><strong>Prendere</strong></span> <span class='ocrx_word' id='word_1_160' title='bbox 340 2643 403 2683; x_wconf 84' lang='lat' dir='ltr'><strong>tecta</strong></span> <span class='ocrx_word' id='word_1_161' title='bbox 414 2649 499 2695; x_wconf 87' lang='lat' dir='ltr'><strong>manu,</strong></span> <span class='ocrx_word' id='word_1_162' title='bbox 510 2636 652 2701; x_wconf 79' lang='lat' dir='ltr'><strong>sociumque</strong></span> <span class='ocrx_word' id='word_1_163' title='bbox 664 2636 786 2697; x_wconf 75' lang='lat' dir='ltr'><strong>adtingere</strong></span> <span class='ocrx_word' id='word_1_164' title='bbox 797 2635 903 2687; x_wconf 65' lang='lat' dir='ltr'><strong>deman</strong></span> <span class='ocrx_word' id='word_1_165' title='bbox 984 2616 988 2623; x_wconf 40' lang='lat'><strong><em>⁴</em></strong></span> 
     </span>
     <span class='ocr_line' id='line_1_26' title="bbox 208 2721 885 2786; baseline 0.001 -14"><span class='ocrx_word' id='word_1_166' title='bbox 208 2726 287 2779; x_wconf 82' lang='lat' dir='ltr'><strong>Quem</strong></span> <span class='ocrx_word' id='word_1_167' title='bbox 299 2726 409 2783; x_wconf 80' lang='lat' dir='ltr'><strong>Turnus,</strong></span> <span class='ocrx_word' id='word_1_168' title='bbox 421 2722 512 2785; x_wconf 84' lang='lat' dir='ltr'><strong>pariter</strong></span> <span class='ocrx_word' id='word_1_169' title='bbox 523 2738 597 2773; x_wconf 83' lang='lat' dir='ltr'><strong>cursu</strong></span> <span class='ocrx_word' id='word_1_170' title='bbox 609 2721 705 2786; x_wconf 85' lang='lat' dir='ltr'><strong>teloque</strong></span> <span class='ocrx_word' id='word_1_171' title='bbox 715 2731 822 2785; x_wconf 75' lang='lat' dir='ltr'><strong>secutus,</strong></span> <span class='ocrx_word' id='word_1_172' title='bbox 876 2754 885 2775; x_wconf 50' lang='grc' dir='ltr'><strong>,ι</strong></span> 
     </span>
     <span class='ocr_line' id='line_1_27' title="bbox 197 2811 871 2875; baseline 0.004 -13"><span class='ocrx_word' id='word_1_173' title='bbox 197 2814 321 2875; x_wconf 78' lang='lat' dir='ltr'><strong>‘Increpat</strong></span> <span class='ocrx_word' id='word_1_174' title='bbox 330 2811 369 2860; x_wconf 80' lang='lat' dir='ltr'><strong>hin</strong></span> <span class='ocrx_word' id='word_1_175' title='bbox 380 2812 457 2860; x_wconf 83' lang='lat' dir='ltr'><strong>victor</strong></span> <span class='ocrx_word' id='word_1_176' title='bbox 468 2832 473 2861; x_wconf 87' lang='lat'>:</span> <span class='ocrx_word' id='word_1_177' title='bbox 493 2813 628 2861; x_wconf 71' lang='lat' dir='ltr'><strong>Nostraene</strong></span> <span class='ocrx_word' id='word_1_178' title='bbox 639 2812 749 2872; x_wconf 79' lang='lat' dir='ltr'><strong>evadere,</strong></span> <span class='ocrx_word' id='word_1_179' title='bbox 760 2812 871 2870; x_wconf 70' lang='lat' dir='ltr'><strong>dement,</strong></span> 
     </span>
     <span class='ocr_line' id='line_1_28' title="bbox 208 2900 832 2963; baseline -0.002 -13"><span class='ocrx_word' id='word_1_180' title='bbox 208 2901 315 2963; x_wconf 78' lang='lat' dir='ltr'><strong>sperasti</strong></span> <span class='ocrx_word' id='word_1_181' title='bbox 325 2908 349 2949; x_wconf 84' lang='lat' dir='ltr'><strong>te</strong></span> <span class='ocrx_word' id='word_1_182' title='bbox 361 2914 432 2963; x_wconf 78' lang='lat' dir='ltr'><strong>posue</strong></span> <span class='ocrx_word' id='word_1_183' title='bbox 444 2903 548 2949; x_wconf 81' lang='lat' dir='ltr'><strong>manus?</strong></span> <span class='ocrx_word' id='word_1_184' title='bbox 567 2901 640 2959; x_wconf 80' lang='lat' dir='ltr'><strong>simul</strong></span> <span class='ocrx_word' id='word_1_185' title='bbox 653 2900 741 2962; x_wconf 85' lang='lat' dir='ltr'><strong>adripit</strong></span> <span class='ocrx_word' id='word_1_186' title='bbox 752 2900 832 2962; x_wconf 75' lang='lat' dir='ltr'><strong>iprum</strong></span> 
     </span>
     <span class='ocr_line' id='line_1_29' title="bbox 209 2989 955 3052; baseline 0.007 -15"><span class='ocrx_word' id='word_1_187' title='bbox 209 2989 367 3049; x_wconf 84' lang='lat' dir='ltr'><strong>Pendentem,</strong></span> <span class='ocrx_word' id='word_1_188' title='bbox 377 2996 403 3038; x_wconf 90' lang='lat' dir='ltr'><strong>et</strong></span> <span class='ocrx_word' id='word_1_189' title='bbox 413 3004 500 3051; x_wconf 74' lang='lat' dir='ltr'><strong>magna</strong></span> <span class='ocrx_word' id='word_1_190' title='bbox 508 2989 573 3039; x_wconf 88' lang='lat' dir='ltr'><strong>muri</strong></span> <span class='ocrx_word' id='word_1_191' title='bbox 584 3003 640 3037; x_wconf 85' lang='lat' dir='ltr'><strong>cum</strong></span> <span class='ocrx_word' id='word_1_192' title='bbox 651 2997 720 3052; x_wconf 84' lang='lat' dir='ltr'><strong>parte</strong></span> <span class='ocrx_word' id='word_1_193' title='bbox 729 2989 823 3039; x_wconf 88' lang='lat' dir='ltr'><strong>revellit</strong></span> <span class='ocrx_word' id='word_1_194' title='bbox 834 3009 840 3039; x_wconf 72' lang='grc' dir='ltr'><strong><em>ε</em></strong></span> <span class='ocrx_word' id='word_1_195' title='bbox 951 3036 955 3042; x_wconf 90' lang='grc'>.</span> 
     </span>
     <span class='ocr_line' id='line_1_30' title="bbox 207 3077 943 3143; baseline -0.005 -12"><span class='ocrx_word' id='word_1_196' title='bbox 207 3077 303 3138; x_wconf 70' lang='lat' dir='ltr'><strong>Qumis,</strong></span> <span class='ocrx_word' id='word_1_197' title='bbox 316 3078 356 3128; x_wconf 86' lang='lat' dir='ltr'><strong>ubi</strong></span> <span class='ocrx_word' id='word_1_198' title='bbox 367 3087 411 3128; x_wconf 91' lang='lat' dir='ltr'><strong>aut</strong></span> <span class='ocrx_word' id='word_1_199' title='bbox 419 3079 539 3143; x_wconf 89' lang='lat' dir='ltr'><strong>leporem,</strong></span> <span class='ocrx_word' id='word_1_200' title='bbox 550 3077 710 3127; x_wconf 82' lang='lat' dir='ltr'><strong>autcandenti</strong></span> <span class='ocrx_word' id='word_1_201' title='bbox 718 3090 820 3139; x_wconf 78' lang='lat' dir='ltr'><strong>corpore</strong></span> <span class='ocrx_word' id='word_1_202' title='bbox 830 3090 943 3139; x_wconf 73' lang='lat' dir='ltr'><strong>cycnum,</strong></span> 
     </span>
    </p>
   </div>
   <div class='ocr_carea' id='block_1_4' title="bbox 0 0 1190 3734">
    <p class='ocr_par' dir='ltr' id='par_1_15' title="bbox 0 0 1190 3734">
     <span class='ocr_line' id='line_1_31' title="bbox 0 0 1190 3734; baseline 0 0"><span class='ocrx_word' id='word_1_203' title='bbox 0 0 1190 3734; x_wconf 95' lang='lat' dir='ltr'><strong> </strong></span> 
     </span>
    </p>
   </div>
  </div>
 </body>
</html>
