2334 3734
205 530 251 580 mo
422 528 449 574 r.
466 505 603 574 urnumu
621 523 775 574 usuours

235 657 318 716 AEole,
330 668 435 716 nemque
445 652 490 703 tibi
502 651 583 701 divom
593 659 662 714 pater
673 660 745 714 atque
754 651 884 701 bominum
893 665 938 701 rex

202 748 234 796 Et
246 746 353 794 mulcere
363 743 430 793 dedit
441 743 529 796 fluctus
540 749 565 790 et
574 741 663 790 tollere
672 750 756 801 vento,

201 837 267 885 Gens
279 833 379 883 inimice
390 831 451 880 mihi
461 832 617 894 Tyrrhenum
628 830 724 891 naviga
735 845 829 892 aequor,

201 923 274 972 Ilium
284 922 310 970 in
324 922 419 971 Italiam
430 928 530 984 portans
541 921 667 982 victosque
678 921 795 970 Penates:

200 1015 285 1062 incute
296 1012 345 1060 vim
357 1011 445 1071 ventis,
455 1011 642 1072 submersasque
652 1011 729 1059 obrue
739 1023 831 1073 puppes
841 1028 850 1071 ς

201 1102 251 1150 Aut
262 1115 304 1163 nge
315 1100 441 1162 diversos;
458 1108 483 1149 et
494 1100 578 1162 disjice
589 1114 694 1162 corpora
704 1107 789 1163 ponto.

198 1191 261 1240 Sunt
272 1189 333 1238 mihi
343 1189 380 1238 bis
392 1197 484 1251 septem
492 1189 618 1251 praestauti
628 1203 732 1252 corpore
743 1189 873 1251 Nymphae,

200 1283 321 1341 Quarum,
333 1294 386 1342 que
398 1279 478 1328 forma
488 1279 663 1342 pulcherrima,
674 1260 806 1341 Deiopeum

200 1367 329 1417 connubio
337 1370 438 1429 jungam
450 1366 531 1415 stabili
541 1366 713 1429 propriamque
722 1366 823 1415 dicabo:

200 1457 288 1507 Omnis
299 1465 328 1506 nt
336 1465 418 1506 tecum
429 1456 523 1505 meritis
533 1470 579 1519 pro
589 1456 680 1504 talibus
691 1469 769 1504 mnos
807 1437 815 1442 ⁸

198 1538 296 1608 Exiget,
308 1555 332 1596 et
344 1547 429 1610 pulcre
439 1545 511 1595 faciut
521 1554 545 1595 te
555 1547 625 1608 prole
631 1553 765 1608 parentem.

230 1638 317 1686 AEolus
328 1638 380 1686 brec
392 1645 491 1687 contra:
509 1639 589 1697 Tuus,
600 1650 617 1684 o
627 1635 720 1696 regine,
731 1633 794 1696 qnid·
799 1642 869 1697 optes

198 1727 334 1789 Explorate
343 1728 430 1790 labor3
447 1727 508 1776 mibi
517 1729 589 1788 jussa
596 1739 721 1789 capessere
731 1725 769 1774 fus
780 1731 826 1773 est.

195 1817 235 1864 Tu
247 1815 317 1876 mibi,
329 1814 498 1877 quodcumque
509 1815 556 1863 hoc
568 1814 647 1875 regni,
658 1821 687 1862 tu
697 1822 793 1876 sceptra
803 1815 939 1876 ,lovemque

196 1904 337 1968 Concilias;
354 1913 381 1954 tu
393 1905 435 1954 dus
447 1904 525 1967 epulis
537 1885 682 1951 sdcumbere
692 1902 786 1962 divom,

173 2003 177 2012 ·
196 1991 389 2055 Nimborumque
401 1993 460 2042 fucis
470 1999 689 2054 tempestatumque
700 1999 835 2055 potentem.

228 2081 287 2128 Haec
299 2081 339 2128 ubi
351 2080 425 2141 diets,
435 2094 521 2130 mrum
533 2093 652 2128 conversa
662 2079 761 2142 cuspide
773 2087 884 2129 montem

193 2168 286 2230 lnpulit
296 2167 322 2216 in
332 2169 396 2217 letus
406 2188 414 2231 3
432 2181 460 2216 ac
470 2168 548 2227 venti,
558 2169 625 2216 velut
634 2169 731 2230 agmine
741 2169 817 2229 iacto,

192 2258 247 2311 Qua
258 2255 314 2304 data
325 2265 406 2318 porte,
417 2263 502 2316 ruunt,
513 2264 539 2304 et
548 2263 626 2305 terras
636 2258 735 2306 turbine
744 2257 857 2320 perdunt.

189 2323 325 2394 incubuere
335 2343 408 2404 meri,
419 2351 546 2407 totumque
555 2359 570 2393 a
580 2346 678 2395 sedibus
693 2347 749 2396 imis

191 2436 250 2484 Une
261 2436 388 2496 Eurusque
398 2436 527 2497 Notusque
538 2443 615 2484 ruunt
624 2438 756 2498 creberque
765 2435 880 2499 procellis

188 2521 296 2581 Africus,
307 2529 333 2570 et
343 2529 422 2570 unetos
433 2523 535 2572 volvunt
544 2523 575 2572 ad
586 2523 661 2573 iitora
670 2524 765 2573 fluctum.

190 2609 329 2672 Insequitur
340 2611 482 2672 clamorque
492 2611 572 2660 uirum
583 2612 722 2674 stridorque
732 2612 871 2660 rudentum.

189 2698 306 2761 Eripiunt
316 2698 397 2748 subito
409 2700 486 2748 nubes
497 2700 636 2762 ooelumque
645 2700 758 2761 diemque

188 2789 339 2837 Teucrorum
352 2803 383 2838 ex
394 2789 472 2838 oculis
482 2810 491 2853 3
509 2798 584 2863 ponto
595 2803 648 2839 nox
658 2790 757 2838 incubet
767 2797 829 2839 utre

189 2872 320 2921 Intonuere
331 2872 392 2936 poli,
404 2882 429 2922 et
439 2873 532 2924 crebris
543 2875 617 2922 minet
627 2872 722 2934 ignibus
735 2873 828 2938 etber3

188 2961 384 3024 Prsesentemque
394 2962 453 3012 viris
464 2963 587 3013 intentant
598 2961 683 3010 omnia
693 2969 809 3012 mortem.

187 3051 319 3115 Extemplo
329 3055 418 3102 AEnee·
427 3055 556 3102 solvuntur
566 3052 658 3113 frigore
670 3055 789 3102 membre.

188 3139 302 3202 ingemit,
312 3149 348 3203 et,
359 3140 462 3206 dupbcis
471 3139 575 3190 tendens
586 3140 617 3190 sd
631 3140 712 3192 sidere
722 3142 826 3205 pdm,
