2334 3734
218 524 264 570 no
439 525 467 572 r.
483 501 621 573 vrnornu
638 525 791 576 MARONJS

217 650 319 713 Cogitur
330 650 404 714 inque
414 650 482 702 sinus
494 652 584 702 scindit
593 667 646 702 sese
656 653 724 702 unda
733 654 846 704 reductos
856 676 864 719 ;

215 741 346 804 Deprensis
357 740 418 790 olim
429 742 502 791 statio
512 742 637 790 tudssima
646 742 727 791 nautis
737 763 746 806 3

216 833 284 882 lntrn
296 847 322 882 se
331 833 394 882 vasti
405 835 508 882 Proteus
519 833 578 894 tegit
589 831 668 893 obiice
678 832 740 881 saxi.

215 921 262 972 llic
270 924 384 984 iuvenem
395 923 420 972 in
432 923 531 972 latebris
540 937 651 971 aversum
664 921 785 971 alumine
795 924 909 987 Nympha

214 1013 347 1062 Conlocat:
365 1014 418 1077 ipsa
427 1015 512 1076 procul
524 1013 620 1062 nebulis
631 1013 734 1062 obscura
746 1013 846 1062 resbtit

214 1105 229 1152 J
232 1117 272 1152 arn
283 1103 381 1167 rapidus
391 1111 487 1152 torrens
499 1102 603 1152 sitientis
614 1102 693 1167 Sirius
705 1102 779 1151 lndos

215 1193 339 1257 Ardebat3
356 1194 419 1242 coelo
430 1200 455 1241 et
464 1191 570 1241 medinm
583 1193 627 1240 Sol
639 1192 724 1252 igneus
735 1193 821 1241 orbem

214 1283 352 1344 Hauserat3
370 1284 471 1330 arebant
480 1282 573 1340 herbae,
584 1290 610 1328 et
619 1295 679 1329 cava
687 1280 790 1329 domina
800 1281 870 1330 siccis

214 1370 333 1420 Faucibus
345 1371 376 1420 ad
386 1371 474 1420 limum
486 1369 549 1419 radii
564 1370 683 1433 tepefacta
704 1371 842 1432 coquebant
854 1390 860 1420 z

213 1461 295 1514 Quum
306 1462 410 1510 Proteus
420 1468 536 1510 consuetu
545 1472 630 1523 petens
641 1474 656 1508 e
666 1460 780 1508 ductibus
791 1468 862 1510 antra

213 1550 284 1612 lbat3
301 1564 357 1598 eum
368 1550 428 1598 vasti
440 1550 530 1598 circum
543 1563 602 1611 gens
613 1549 714 1598 humida
724 1550 794 1613 ponti

212 1641 345 1690 Exardtans
356 1653 438 1688 rorem
450 1641 499 1690 late
509 1639 623 1703 dispersit
633 1653 752 1688 amarum.

179 1775 183 1786 ,
213 1732 332 1780 Sternunt
343 1744 369 1779 se
380 1744 467 1779 somno
478 1730 578 1778 diversae
589 1730 615 1778 in
627 1729 701 1778 litore
710 1729 803 1793 phoca.

212 1821 277 1884 lpse,
288 1821 355 1869 velut
365 1819 454 1870 stabuli
464 1827 546 1868 custos
558 1819 584 1866 in
595 1818 720 1867 montibus
733 1818 804 1878 olim,

211 1912 302 1973 Vesper
314 1907 356 1956 ubi
378 1923 392 1956 e
403 1915 473 1970 pasti
483 1907 573 1956 vinulos
584 1907 616 1956 ad
626 1914 691 1956 tecta
700 1906 804 1967 reducit,

210 1997 355 2060 Auditisque
366 1998 437 2060 lupos
449 2004 540 2044 acuunt
550 1995 671 2045 balatibus
682 1996 748 2058 agni,

212 2085 325 2136 considit
335 2086 434 2149 scopulo
446 2085 550 2145 medius,
562 2100 741 2148 numerumque
751 2095 869 2136 recenset

167 2237 170 2243 Ι
212 2176 289 2238 Cujus
302 2175 406 2224 Aristum
418 2176 535 2238 quoniam
546 2185 583 2225 est
593 2176 677 2225 oblata
687 2178 789 2226 fucnlm
801 2197 807 2226 r

210 2263 258 2312 Vix
265 2263 359 2314 defessa
370 2277 453 2312 senem
464 2278 549 2327 passus
561 2279 701 2327 conponere
711 2267 831 2327 membra,

212 2354 277 2402 Cum
290 2353 397 2401 clamore
409 2353 459 2400 ruit
471 2366 568 2413 magno,
576 2352 725 2415 manicisque
730 2354 851 2413 iwentcm

211 2443 328 2504 Occupat.
361 2442 407 2490 llle
419 2455 469 2490 snae
480 2451 566 2491 contra
577 2455 628 2489 non
639 2441 761 2491 inmemor
771 2443 842 2504 artis,

211 2531 302 2584 Omnia
311 2531 471 2580 transformat
483 2546 535 2580 sese
546 2531 571 2580 in
583 2531 704 2579 miracula
713 2546 807 2593 rerum,

173 2627 185 2648 ¹>
210 2623 351 2683 lgnemque,
364 2619 555 2682 horribilemque
567 2621 655 2680 seram,
668 2621 816 2684 fluviumque
826 2623 969 2686 liquentem.

207 2712 311 2770 Verum,
322 2708 365 2757 ubi
377 2709 445 2757 nulla
457 2710 538 2769 fugam
550 2709 641 2772 reperit
650 2709 762 2772 pellacia,
775 2711 852 2760 rictru

208 2801 237 2848 ln
249 2812 301 2866 sese
312 2796 385 2857 redit,
396 2805 468 2858 atque
480 2797 588 2849 hominis
598 2798 697 2847 tandem
708 2813 751 2848 ore
761 2800 874 2852 locutru:
888 2837 891 2844 -

209 2888 337 2950 Numquis
350 2895 384 2947 te,
390 2888 508 2947 juvenum
518 2889 735 2950 confidentissime,
746 2899 844 2940 nosnos

206 2978 287 3028 lussit
297 2978 363 3026 adire
374 2977 480 3027 domus?
500 2979 587 3041 quidve
596 2979 654 3027 hinc
666 2979 749 3042 petis?
768 2981 855 3044 inquit.
888 2985 922 3032 At
932 2983 975 3033 ille
986 3005 992 3032 ι

206 3069 269 3129 Scis,
282 3071 383 3128 Protea,
396 3069 443 3118 scis
455 3069 524 3133 ipsc;
542 3084 622 3131 neque
632 3078 671 3118 est
679 3078 704 3118 te
714 3071 802 3120 tallere
809 3071 960 3134 quidquam

204 3157 252 3208 Sed
263 3165 290 3206 tu
301 3157 385 3208 desine
394 3158 464 3206 velle.
497 3160 576 3208 Deum
588 3167 708 3223 precepta
718 3160 796 3210 secuti
