<?xml version="1.0" encoding="UTF-8"?>
<!DOCTYPE html PUBLIC "-//W3C//DTD XHTML 1.0 Transitional//EN"
    "http://www.w3.org/TR/xhtml1/DTD/xhtml1-transitional.dtd">
<html xmlns="http://www.w3.org/1999/xhtml" xml:lang="en" lang="en">
 <head>
  <title>
</title>
<meta http-equiv="Content-Type" content="text/html;charset=utf-8" />
  <meta name='ocr-system' content='tesseract 3.04.00' />
  <meta name='ocr-capabilities' content='ocr_page ocr_carea ocr_par ocr_line ocrx_word'/>
</head>
<body>
  <div class='ocr_page' id='page_1' title='image "./publiivirgiliim00heyngoog/publiivirgiliim00heyngoog_0402.png"; bbox 0 0 2334 3734; ppageno 0'>
   <div class='ocr_carea' id='block_1_1' title="bbox 210 525 787 579">
    <p class='ocr_par' dir='ltr' id='par_1_1' title="bbox 210 525 787 579">
     <span class='ocr_line' id='line_1_1' title="bbox 210 525 787 579; baseline -0.007 -1"><span class='ocrx_word' id='word_1_1' title='bbox 210 531 259 579; x_wconf 80' lang='lat'>392</span> <span class='ocrx_word' id='word_1_2' title='bbox 439 529 466 575; x_wconf 88' lang='lat' dir='ltr'>P.</span> <span class='ocrx_word' id='word_1_3' title='bbox 477 526 614 576; x_wconf 80' lang='lat' dir='ltr'>VIRGlLlI</span> <span class='ocrx_word' id='word_1_4' title='bbox 634 525 787 575; x_wconf 82' lang='lat' dir='ltr'>MARONIS</span> 
     </span>
    </p>
   </div>
   <div class='ocr_carea' id='block_1_2' title="bbox 208 654 877 1246">
    <p class='ocr_par' dir='ltr' id='par_1_2' title="bbox 208 654 877 1246">
     <span class='ocr_line' id='line_1_2' title="bbox 211 654 788 718; baseline -0.009 -12"><span class='ocrx_word' id='word_1_5' title='bbox 211 658 319 718; x_wconf 88' lang='lat' dir='ltr'>injecere</span> <span class='ocrx_word' id='word_1_6' title='bbox 331 665 430 704; x_wconf 84' lang='lat' dir='ltr'>manum</span> <span class='ocrx_word' id='word_1_7' title='bbox 443 657 535 715; x_wconf 84' lang='lat' dir='ltr'>Parcae,</span> <span class='ocrx_word' id='word_1_8' title='bbox 547 654 650 716; x_wconf 86' lang='lat' dir='ltr'>telisque</span> <span class='ocrx_word' id='word_1_9' title='bbox 662 661 788 704; x_wconf 82' lang='lat' dir='ltr'>sacrarunt</span> 
     </span>
     <span class='ocr_line' id='line_1_3' title="bbox 210 742 852 804; baseline -0.009 -10"><span class='ocrx_word' id='word_1_10' title='bbox 210 744 323 794; x_wconf 83' lang='lat' dir='ltr'>Evandri.</span> <span class='ocrx_word' id='word_1_11' title='bbox 358 746 436 798; x_wconf 84' lang='lat' dir='ltr'>Quem</span> <span class='ocrx_word' id='word_1_12' title='bbox 447 743 483 794; x_wconf 92' lang='lat' dir='ltr'>sic</span> <span class='ocrx_word' id='word_1_13' title='bbox 496 744 575 792; x_wconf 87' lang='lat' dir='ltr'>Pallas</span> <span class='ocrx_word' id='word_1_14' title='bbox 586 742 646 804; x_wconf 88' lang='lat' dir='ltr'>petit</span> <span class='ocrx_word' id='word_1_15' title='bbox 657 749 714 791; x_wconf 85' lang='lat' dir='ltr'>ante</span> <span class='ocrx_word' id='word_1_16' title='bbox 725 748 852 804; x_wconf 84' lang='lat' dir='ltr'>precatus:</span> 
     </span>
     <span class='ocr_line' id='line_1_4' title="bbox 210 830 877 896; baseline -0.007 -14"><span class='ocrx_word' id='word_1_17' title='bbox 210 834 248 882; x_wconf 82' lang='lat' dir='ltr'>Da</span> <span class='ocrx_word' id='word_1_18' title='bbox 257 848 333 892; x_wconf 91' lang='lat' dir='ltr'>nunc,</span> <span class='ocrx_word' id='word_1_19' title='bbox 341 833 434 895; x_wconf 81' lang='lat' dir='ltr'>Thybri</span> <span class='ocrx_word' id='word_1_20' title='bbox 446 840 524 896; x_wconf 84' lang='lat' dir='ltr'>pater,</span> <span class='ocrx_word' id='word_1_21' title='bbox 536 834 613 893; x_wconf 77' lang='lat' dir='ltr'>ferro,</span> <span class='ocrx_word' id='word_1_22' title='bbox 624 831 690 893; x_wconf 87' lang='lat' dir='ltr'>quod</span> <span class='ocrx_word' id='word_1_23' title='bbox 697 831 790 880; x_wconf 77' lang='lat' dir='ltr'>missile</span> <span class='ocrx_word' id='word_1_24' title='bbox 800 830 877 889; x_wconf 86' lang='lat' dir='ltr'>libro,</span> 
     </span>
     <span class='ocr_line' id='line_1_5' title="bbox 210 917 822 983; baseline -0.007 -14"><span class='ocrx_word' id='word_1_25' title='bbox 210 922 344 970; x_wconf 83' lang='lat' dir='ltr'><strong>Fortunam</strong></span> <span class='ocrx_word' id='word_1_26' title='bbox 355 928 426 980; x_wconf 86' lang='lat' dir='ltr'>atque</span> <span class='ocrx_word' id='word_1_27' title='bbox 437 919 500 967; x_wconf 87' lang='lat' dir='ltr'>viam</span> <span class='ocrx_word' id='word_1_28' title='bbox 513 919 568 969; x_wconf 88' lang='lat' dir='ltr'>duri</span> <span class='ocrx_word' id='word_1_29' title='bbox 579 933 623 983; x_wconf 84' lang='lat' dir='ltr'>per</span> <span class='ocrx_word' id='word_1_30' title='bbox 634 926 717 981; x_wconf 87' lang='lat' dir='ltr'>pectus</span> <span class='ocrx_word' id='word_1_31' title='bbox 729 917 822 966; x_wconf 80' lang='lat' dir='ltr'>Halesi.</span> 
     </span>
     <span class='ocr_line' id='line_1_6' title="bbox 211 1006 852 1069; baseline -0.005 -12"><span class='ocrx_word' id='word_1_32' title='bbox 211 1010 268 1057; x_wconf 80' lang='lat' dir='ltr'>Haec</span> <span class='ocrx_word' id='word_1_33' title='bbox 279 1021 346 1056; x_wconf 85' lang='lat' dir='ltr'>arma</span> <span class='ocrx_word' id='word_1_34' title='bbox 358 1007 503 1069; x_wconf 84' lang='lat' dir='ltr'>exuviasque</span> <span class='ocrx_word' id='word_1_35' title='bbox 514 1007 560 1055; x_wconf 89' lang='lat' dir='ltr'>viri</span> <span class='ocrx_word' id='word_1_36' title='bbox 572 1015 614 1056; x_wconf 87' lang='lat' dir='ltr'>tua</span> <span class='ocrx_word' id='word_1_37' title='bbox 624 1021 726 1069; x_wconf 87' lang='lat' dir='ltr'>quercus</span> <span class='ocrx_word' id='word_1_38' title='bbox 737 1006 852 1061; x_wconf 74' lang='lat' dir='ltr'>habebit..</span> 
     </span>
     <span class='ocr_line' id='line_1_7' title="bbox 209 1095 817 1156; baseline 0 -12"><span class='ocrx_word' id='word_1_39' title='bbox 209 1095 294 1145; x_wconf 80' lang='lat' dir='ltr'>Audiit</span> <span class='ocrx_word' id='word_1_40' title='bbox 304 1096 347 1145; x_wconf 90' lang='lat' dir='ltr'>illa</span> <span class='ocrx_word' id='word_1_41' title='bbox 357 1097 429 1145; x_wconf 86' lang='lat' dir='ltr'>deus:</span> <span class='ocrx_word' id='word_1_42' title='bbox 448 1096 506 1145; x_wconf 89' lang='lat' dir='ltr'>dum</span> <span class='ocrx_word' id='word_1_43' title='bbox 518 1097 579 1145; x_wconf 76' lang='lat' dir='ltr'>texit</span> <span class='ocrx_word' id='word_1_44' title='bbox 590 1098 691 1145; x_wconf 80' lang='lat' dir='ltr'>Imaona</span> <span class='ocrx_word' id='word_1_45' title='bbox 702 1096 817 1156; x_wconf 76' lang='lat' dir='ltr'>Halesus,</span> 
     </span>
     <span class='ocr_line' id='line_1_8' title="bbox 208 1184 762 1246; baseline -0.004 -12"><span class='ocrx_word' id='word_1_46' title='bbox 208 1185 313 1234; x_wconf 82' lang='lat' dir='ltr'>Arcadio</span> <span class='ocrx_word' id='word_1_47' title='bbox 325 1185 416 1244; x_wconf 35' lang='lat' dir='ltr'>infelix,</span> <span class='ocrx_word' id='word_1_48' title='bbox 423 1186 473 1234; x_wconf 83' lang='lat' dir='ltr'>telo</span> <span class='ocrx_word' id='word_1_49' title='bbox 484 1184 526 1233; x_wconf 89' lang='lat' dir='ltr'>dat</span> <span class='ocrx_word' id='word_1_50' title='bbox 536 1192 620 1246; x_wconf 87' lang='lat' dir='ltr'>pectus</span> <span class='ocrx_word' id='word_1_51' title='bbox 631 1185 762 1233; x_wconf 83' lang='lat' dir='ltr'>inermum.</span> 
     </span>
    </p>
   </div>
   <div class='ocr_carea' id='block_1_3' title="bbox 118 1272 767 1336">
    <p class='ocr_par' dir='ltr' id='par_1_3' title="bbox 118 1272 767 1336">
     <span class='ocr_line' id='line_1_9' title="bbox 118 1272 767 1336; baseline -0.003 -14"><span class='ocrx_word' id='word_1_52' title='bbox 118 1287 120 1292; x_wconf 91' lang='lat'>·</span> <span class='ocrx_word' id='word_1_53' title='bbox 209 1274 242 1322; x_wconf 81' lang='lat' dir='ltr'>At</span> <span class='ocrx_word' id='word_1_54' title='bbox 254 1288 303 1322; x_wconf 91' lang='lat' dir='ltr'>non</span> <span class='ocrx_word' id='word_1_55' title='bbox 316 1272 380 1322; x_wconf 87' lang='lat' dir='ltr'>caede</span> <span class='ocrx_word' id='word_1_56' title='bbox 390 1273 436 1321; x_wconf 83' lang='lat' dir='ltr'>viri</span> <span class='ocrx_word' id='word_1_57' title='bbox 447 1280 514 1321; x_wconf 87' lang='lat' dir='ltr'>tanta</span> <span class='ocrx_word' id='word_1_58' title='bbox 524 1272 653 1336; x_wconf 84' lang='lat' dir='ltr'>perterrita</span> <span class='ocrx_word' id='word_1_59' title='bbox 664 1274 767 1331; x_wconf 83' lang='lat' dir='ltr'>Lausus,</span> 
     </span>
    </p>
   </div>
   <div class='ocr_carea' id='block_1_4' title="bbox 154 1341 962 3190">
    <p class='ocr_par' dir='ltr' id='par_1_4' title="bbox 210 1341 962 1422">
     <span class='ocr_line' id='line_1_10' title="bbox 210 1341 962 1422; baseline -0.001 -13"><span class='ocrx_word' id='word_1_60' title='bbox 210 1362 269 1409; x_wconf 86' lang='lat' dir='ltr'>Pars</span> <span class='ocrx_word' id='word_1_61' title='bbox 281 1361 365 1422; x_wconf 78' lang='lat' dir='ltr'>ingens</span> <span class='ocrx_word' id='word_1_62' title='bbox 377 1362 447 1421; x_wconf 91' lang='lat' dir='ltr'>belli,</span> <span class='ocrx_word' id='word_1_63' title='bbox 459 1361 519 1410; x_wconf 88' lang='lat' dir='ltr'>sinit</span> <span class='ocrx_word' id='word_1_64' title='bbox 525 1341 641 1422; x_wconf 62' lang='lat' dir='ltr'>agmina:</span> <span class='ocrx_word' id='word_1_65' title='bbox 659 1361 752 1422; x_wconf 86' lang='lat' dir='ltr'>primus</span> <span class='ocrx_word' id='word_1_66' title='bbox 763 1360 901 1408; x_wconf 66' lang='lat' dir='ltr'>Abantem</span> <span class='ocrx_word' id='word_1_67' title='bbox 955 1391 962 1397; x_wconf 82' lang='lat'><em>-</em></span> 
     </span>
    </p>

    <p class='ocr_par' dir='ltr' id='par_1_5' title="bbox 211 1448 912 1512">
     <span class='ocr_line' id='line_1_11' title="bbox 211 1448 912 1512; baseline -0.007 -13"><span class='ocrx_word' id='word_1_68' title='bbox 211 1449 357 1512; x_wconf 81' lang='lat' dir='ltr'>Oppositum</span> <span class='ocrx_word' id='word_1_69' title='bbox 370 1448 499 1509; x_wconf 86' lang='lat' dir='ltr'>interimit,</span> <span class='ocrx_word' id='word_1_70' title='bbox 511 1463 599 1512; x_wconf 79' lang='lat' dir='ltr'>pugnae</span> <span class='ocrx_word' id='word_1_71' title='bbox 609 1449 749 1510; x_wconf 86' lang='lat' dir='ltr'>nudumque</span> <span class='ocrx_word' id='word_1_72' title='bbox 761 1461 912 1508; x_wconf 87' lang='lat' dir='ltr'>moramque.</span> 
     </span>
    </p>

    <p class='ocr_par' dir='ltr' id='par_1_6' title="bbox 210 1530 848 1602">
     <span class='ocr_line' id='line_1_12' title="bbox 210 1530 848 1602; baseline -0.003 -15"><span class='ocrx_word' id='word_1_73' title='bbox 210 1539 333 1587; x_wconf 84' lang='lat' dir='ltr'>Sternitur</span> <span class='ocrx_word' id='word_1_74' title='bbox 343 1539 453 1588; x_wconf 73' lang='lat' dir='ltr'>Arcadiae</span> <span class='ocrx_word' id='word_1_75' title='bbox 465 1541 545 1602; x_wconf 85' lang='lat' dir='ltr'>proles</span> <span class='ocrx_word' id='word_1_76' title='bbox 555 1539 571 1601; x_wconf 79' lang='lat'>;&#39;</span> <span class='ocrx_word' id='word_1_77' title='bbox 580 1530 723 1588; x_wconf 83' lang='lat' dir='ltr'>sternuntur</span> <span class='ocrx_word' id='word_1_78' title='bbox 733 1536 848 1599; x_wconf 83' lang='lat' dir='ltr'>Etrusci3</span> 
     </span>
    </p>

    <p class='ocr_par' dir='ltr' id='par_1_7' title="bbox 209 1626 784 1692">
     <span class='ocr_line' id='line_1_13' title="bbox 209 1626 784 1692; baseline -0.002 -15"><span class='ocrx_word' id='word_1_79' title='bbox 209 1630 240 1677; x_wconf 85' lang='lat' dir='ltr'>Et</span> <span class='ocrx_word' id='word_1_80' title='bbox 252 1643 304 1689; x_wconf 87' lang='lat' dir='ltr'>vos,</span> <span class='ocrx_word' id='word_1_81' title='bbox 317 1644 332 1677; x_wconf 93' lang='lat'>0</span> <span class='ocrx_word' id='word_1_82' title='bbox 344 1629 424 1678; x_wconf 82' lang='lat' dir='ltr'>Graiis</span> <span class='ocrx_word' id='word_1_83' title='bbox 436 1629 556 1692; x_wconf 85' lang='lat' dir='ltr'>inperdita</span> <span class='ocrx_word' id='word_1_84' title='bbox 566 1642 679 1690; x_wconf 85' lang='lat' dir='ltr'>corpora,</span> <span class='ocrx_word' id='word_1_85' title='bbox 687 1626 784 1676; x_wconf 79' lang='lat' dir='ltr'>Teucri.</span> 
     </span>
    </p>

    <p class='ocr_par' dir='ltr' id='par_1_8' title="bbox 209 1715 863 1778">
     <span class='ocr_line' id='line_1_14' title="bbox 209 1715 863 1778; baseline -0.003 -13"><span class='ocrx_word' id='word_1_86' title='bbox 209 1717 314 1778; x_wconf 78' lang='lat' dir='ltr'>Agmina</span> <span class='ocrx_word' id='word_1_87' title='bbox 324 1725 473 1766; x_wconf 89' lang='lat' dir='ltr'>concurrunt</span> <span class='ocrx_word' id='word_1_88' title='bbox 484 1717 633 1778; x_wconf 85' lang='lat' dir='ltr'>ducibusque</span> <span class='ocrx_word' id='word_1_89' title='bbox 643 1723 668 1765; x_wconf 88' lang='lat' dir='ltr'>et</span> <span class='ocrx_word' id='word_1_90' title='bbox 679 1715 769 1764; x_wconf 84' lang='lat' dir='ltr'>viribus</span> <span class='ocrx_word' id='word_1_91' title='bbox 779 1715 863 1777; x_wconf 82' lang='lat' dir='ltr'>aequis.</span> 
     </span>
    </p>

    <p class='ocr_par' dir='ltr' id='par_1_9' title="bbox 212 1805 806 1854">
     <span class='ocr_line' id='line_1_15' title="bbox 212 1805 806 1854; baseline 0 -2"><span class='ocrx_word' id='word_1_92' title='bbox 212 1805 324 1853; x_wconf 85' lang='lat' dir='ltr'>Extremi</span> <span class='ocrx_word' id='word_1_93' title='bbox 336 1806 469 1854; x_wconf 83' lang='lat' dir='ltr'>addensent</span> <span class='ocrx_word' id='word_1_94' title='bbox 478 1805 541 1854; x_wconf 88' lang='lat' dir='ltr'>acies</span> <span class='ocrx_word' id='word_1_95' title='bbox 551 1825 557 1854; x_wconf 79' lang='lat' dir='ltr'><strong><em>z</em></strong></span> <span class='ocrx_word' id='word_1_96' title='bbox 575 1820 621 1854; x_wconf 88' lang='lat' dir='ltr'>nec</span> <span class='ocrx_word' id='word_1_97' title='bbox 631 1805 703 1853; x_wconf 88' lang='lat' dir='ltr'>turba</span> <span class='ocrx_word' id='word_1_98' title='bbox 713 1805 806 1852; x_wconf 83' lang='lat' dir='ltr'>moveri</span> 
     </span>
    </p>

    <p class='ocr_par' dir='ltr' id='par_1_10' title="bbox 166 1887 912 1954">
     <span class='ocr_line' id='line_1_16' title="bbox 166 1887 912 1954; baseline 0.003 -14"><span class='ocrx_word' id='word_1_99' title='bbox 166 1913 171 1926; x_wconf 92' lang='lat'>·</span> <span class='ocrx_word' id='word_1_100' title='bbox 208 1893 269 1940; x_wconf 86' lang='lat' dir='ltr'>Tela</span> <span class='ocrx_word' id='word_1_101' title='bbox 280 1906 413 1953; x_wconf 88' lang='lat' dir='ltr'>manusque</span> <span class='ocrx_word' id='word_1_102' title='bbox 424 1893 491 1940; x_wconf 88' lang='lat' dir='ltr'>sinit.</span> <span class='ocrx_word' id='word_1_103' title='bbox 526 1887 590 1942; x_wconf 74' lang='lat' dir='ltr'>Hin&#39;c</span> <span class='ocrx_word' id='word_1_104' title='bbox 602 1894 682 1941; x_wconf 86' lang='lat' dir='ltr'>Pallas</span> <span class='ocrx_word' id='word_1_105' title='bbox 693 1893 769 1942; x_wconf 85' lang='lat' dir='ltr'>instat</span> <span class='ocrx_word' id='word_1_106' title='bbox 780 1900 805 1941; x_wconf 89' lang='lat' dir='ltr'>et</span> <span class='ocrx_word' id='word_1_107' title='bbox 816 1903 912 1954; x_wconf 72' lang='lat' dir='ltr'>urguet,</span> 
     </span>
    </p>

    <p class='ocr_par' dir='ltr' id='par_1_11' title="bbox 210 1978 868 2042">
     <span class='ocr_line' id='line_1_17' title="bbox 210 1978 868 2042; baseline 0.003 -15"><span class='ocrx_word' id='word_1_108' title='bbox 210 1978 274 2028; x_wconf 87' lang='lat' dir='ltr'>Hinc</span> <span class='ocrx_word' id='word_1_109' title='bbox 285 1986 371 2026; x_wconf 83' lang='lat' dir='ltr'>contra</span> <span class='ocrx_word' id='word_1_110' title='bbox 383 1980 486 2038; x_wconf 85' lang='lat' dir='ltr'>Lausus,</span> <span class='ocrx_word' id='word_1_111' title='bbox 498 1994 542 2028; x_wconf 91' lang='lat' dir='ltr'>nec</span> <span class='ocrx_word' id='word_1_112' title='bbox 552 1982 659 2028; x_wconf 89' lang='lat' dir='ltr'>multum</span> <span class='ocrx_word' id='word_1_113' title='bbox 668 1980 789 2042; x_wconf 85' lang='lat' dir='ltr'>discrepat</span> <span class='ocrx_word' id='word_1_114' title='bbox 799 1988 868 2040; x_wconf 63' lang='lat' dir='ltr'>aeas,</span> 
     </span>
    </p>

    <p class='ocr_par' dir='ltr' id='par_1_12' title="bbox 208 2065 758 2129">
     <span class='ocr_line' id='line_1_18' title="bbox 208 2065 758 2129; baseline 0.002 -15"><span class='ocrx_word' id='word_1_115' title='bbox 208 2065 304 2126; x_wconf 79' lang='lat' dir='ltr'>Egregii</span> <span class='ocrx_word' id='word_1_116' title='bbox 313 2066 416 2128; x_wconf 79' lang='lat' dir='ltr'>formae3</span> <span class='ocrx_word' id='word_1_117' title='bbox 435 2065 478 2115; x_wconf 84' lang='lat' dir='ltr'>sed</span> <span class='ocrx_word' id='word_1_118' title='bbox 489 2067 541 2129; x_wconf 88' lang='lat' dir='ltr'>quis</span> <span class='ocrx_word' id='word_1_119' title='bbox 551 2068 651 2116; x_wconf 85' lang='lat' dir='ltr'>fortuna</span> <span class='ocrx_word' id='word_1_120' title='bbox 658 2076 758 2129; x_wconf 79' lang='lat' dir='ltr'>negarat</span> 
     </span>
    </p>

    <p class='ocr_par' dir='ltr' id='par_1_13' title="bbox 208 2153 820 2220">
     <span class='ocr_line' id='line_1_19' title="bbox 208 2153 820 2220; baseline 0.003 -18"><span class='ocrx_word' id='word_1_121' title='bbox 208 2157 237 2203; x_wconf 92' lang='lat' dir='ltr'>lu</span> <span class='ocrx_word' id='word_1_122' title='bbox 249 2153 353 2216; x_wconf 85' lang='lat' dir='ltr'>patriam</span> <span class='ocrx_word' id='word_1_123' title='bbox 364 2155 464 2204; x_wconf 87' lang='lat' dir='ltr'>reditus.</span> <span class='ocrx_word' id='word_1_124' title='bbox 498 2156 567 2220; x_wconf 88' lang='lat' dir='ltr'>Ipsos</span> <span class='ocrx_word' id='word_1_125' title='bbox 579 2171 724 2206; x_wconf 87' lang='lat' dir='ltr'>concurrere</span> <span class='ocrx_word' id='word_1_126' title='bbox 736 2169 820 2219; x_wconf 85' lang='lat' dir='ltr'>passus</span> 
     </span>
    </p>

    <p class='ocr_par' dir='ltr' id='par_1_14' title="bbox 210 2242 834 2307">
     <span class='ocr_line' id='line_1_20' title="bbox 210 2242 834 2307; baseline 0.003 -17"><span class='ocrx_word' id='word_1_127' title='bbox 210 2242 281 2291; x_wconf 85' lang='lat' dir='ltr'>Haud</span> <span class='ocrx_word' id='word_1_128' title='bbox 293 2250 373 2292; x_wconf 87' lang='lat' dir='ltr'>tamen</span> <span class='ocrx_word' id='word_1_129' title='bbox 385 2244 450 2292; x_wconf 89' lang='lat' dir='ltr'>inter</span> <span class='ocrx_word' id='word_1_130' title='bbox 461 2257 487 2292; x_wconf 89' lang='lat' dir='ltr'>se</span> <span class='ocrx_word' id='word_1_131' title='bbox 499 2245 580 2305; x_wconf 80' lang='lat' dir='ltr'>magui</span> <span class='ocrx_word' id='word_1_132' title='bbox 592 2251 705 2305; x_wconf 79' lang='lat' dir='ltr'>regnator</span> <span class='ocrx_word' id='word_1_133' title='bbox 717 2244 834 2307; x_wconf 84' lang='lat' dir='ltr'>Olympi;</span> 
     </span>
    </p>

    <p class='ocr_par' dir='ltr' id='par_1_15' title="bbox 154 2330 825 2471">
     <span class='ocr_line' id='line_1_21' title="bbox 154 2330 813 2393; baseline 0.005 -14"><span class='ocrx_word' id='word_1_134' title='bbox 154 2339 157 2348; x_wconf 93' lang='grc'><strong><em>·</em></strong></span> <span class='ocrx_word' id='word_1_135' title='bbox 209 2332 271 2379; x_wconf 82' lang='lat' dir='ltr'>Mox</span> <span class='ocrx_word' id='word_1_136' title='bbox 282 2330 338 2379; x_wconf 87' lang='lat' dir='ltr'>illos</span> <span class='ocrx_word' id='word_1_137' title='bbox 351 2346 394 2382; x_wconf 86' lang='lat' dir='ltr'>sua</span> <span class='ocrx_word' id='word_1_138' title='bbox 406 2333 456 2380; x_wconf 84' lang='lat' dir='ltr'>fata</span> <span class='ocrx_word' id='word_1_139' title='bbox 467 2341 566 2381; x_wconf 86' lang='lat' dir='ltr'>manent</span> <span class='ocrx_word' id='word_1_140' title='bbox 577 2334 670 2393; x_wconf 83' lang='lat' dir='ltr'>maJ&#39;ore</span> <span class='ocrx_word' id='word_1_141' title='bbox 680 2334 725 2382; x_wconf 89' lang='lat' dir='ltr'>sub</span> <span class='ocrx_word' id='word_1_142' title='bbox 735 2333 813 2382; x_wconf 84' lang='lat' dir='ltr'>hoste.</span> 
     </span>
     <span class='ocr_line' id='line_1_22' title="bbox 240 2420 825 2471; baseline 0.007 -4"><span class='ocrx_word' id='word_1_143' title='bbox 240 2420 335 2468; x_wconf 87' lang='lat' dir='ltr'>interea</span> <span class='ocrx_word' id='word_1_144' title='bbox 346 2435 416 2469; x_wconf 88' lang='lat' dir='ltr'>soror</span> <span class='ocrx_word' id='word_1_145' title='bbox 426 2423 491 2470; x_wconf 88' lang='lat' dir='ltr'>alma</span> <span class='ocrx_word' id='word_1_146' title='bbox 502 2429 587 2470; x_wconf 88' lang='lat' dir='ltr'>monet</span> <span class='ocrx_word' id='word_1_147' title='bbox 593 2436 734 2470; x_wconf 87' lang='lat' dir='ltr'>succurrere</span> <span class='ocrx_word' id='word_1_148' title='bbox 744 2424 825 2471; x_wconf 82' lang='lat' dir='ltr'>Lauso</span> 
     </span>
    </p>

    <p class='ocr_par' dir='ltr' id='par_1_16' title="bbox 205 2509 877 2572">
     <span class='ocr_line' id='line_1_23' title="bbox 205 2509 877 2572; baseline 0.006 -16"><span class='ocrx_word' id='word_1_149' title='bbox 205 2509 334 2570; x_wconf 77' lang='lat' dir='ltr'>Turnum3</span> <span class='ocrx_word' id='word_1_150' title='bbox 351 2509 391 2572; x_wconf 90' lang='lat' dir='ltr'>qui</span> <span class='ocrx_word' id='word_1_151' title='bbox 403 2510 494 2558; x_wconf 88' lang='lat' dir='ltr'>volucri</span> <span class='ocrx_word' id='word_1_152' title='bbox 506 2525 578 2559; x_wconf 88' lang='lat' dir='ltr'>curru</span> <span class='ocrx_word' id='word_1_153' title='bbox 591 2510 699 2559; x_wconf 85' lang='lat' dir='ltr'>medium</span> <span class='ocrx_word' id='word_1_154' title='bbox 708 2519 773 2559; x_wconf 82' lang='lat' dir='ltr'>secat</span> <span class='ocrx_word' id='word_1_155' title='bbox 783 2525 877 2572; x_wconf 79' lang='lat' dir='ltr'>agmen.</span> 
     </span>
    </p>

    <p class='ocr_par' dir='ltr' id='par_1_17' title="bbox 209 2591 785 2661">
     <span class='ocr_line' id='line_1_24' title="bbox 209 2591 785 2661; baseline 0.002 -15"><span class='ocrx_word' id='word_1_156' title='bbox 209 2598 243 2646; x_wconf 85' lang='lat' dir='ltr'>Ut</span> <span class='ocrx_word' id='word_1_157' title='bbox 253 2596 313 2643; x_wconf 88' lang='lat' dir='ltr'>vidit</span> <span class='ocrx_word' id='word_1_158' title='bbox 324 2591 402 2644; x_wconf 80' lang='lat' dir='ltr'>socios</span> <span class='ocrx_word' id='word_1_159' title='bbox 413 2618 418 2646; x_wconf 75' lang='grc' dir='ltr'><strong><em>ι</em></strong></span> <span class='ocrx_word' id='word_1_160' title='bbox 436 2599 543 2659; x_wconf 83' lang='lat' dir='ltr'>Tempus</span> <span class='ocrx_word' id='word_1_161' title='bbox 555 2599 671 2647; x_wconf 82' lang='lat' dir='ltr'>desistere</span> <span class='ocrx_word' id='word_1_162' title='bbox 681 2613 785 2661; x_wconf 75' lang='lat' dir='ltr'>pugnae3</span> 
     </span>
    </p>

    <p class='ocr_par' dir='ltr' id='par_1_18' title="bbox 208 2683 822 2748">
     <span class='ocr_line' id='line_1_25' title="bbox 208 2683 822 2748; baseline 0.007 -16"><span class='ocrx_word' id='word_1_163' title='bbox 208 2683 281 2732; x_wconf 87' lang='lat' dir='ltr'>Solus</span> <span class='ocrx_word' id='word_1_164' title='bbox 292 2697 336 2744; x_wconf 81' lang='lat' dir='ltr'>ego</span> <span class='ocrx_word' id='word_1_165' title='bbox 348 2683 373 2730; x_wconf 94' lang='lat' dir='ltr'>in</span> <span class='ocrx_word' id='word_1_166' title='bbox 386 2684 497 2733; x_wconf 85' lang='lat' dir='ltr'>Pallanta</span> <span class='ocrx_word' id='word_1_167' title='bbox 507 2687 591 2748; x_wconf 80' lang='lat' dir='ltr'>fer0r3</span> <span class='ocrx_word' id='word_1_168' title='bbox 608 2688 656 2736; x_wconf 86' lang='lat' dir='ltr'>soli</span> <span class='ocrx_word' id='word_1_169' title='bbox 667 2688 730 2747; x_wconf 79' lang='lat' dir='ltr'>mihi</span> <span class='ocrx_word' id='word_1_170' title='bbox 739 2688 822 2736; x_wconf 88' lang='lat' dir='ltr'>Pallas</span> 
     </span>
    </p>

    <p class='ocr_par' dir='ltr' id='par_1_19' title="bbox 208 2771 865 2838">
     <span class='ocr_line' id='line_1_26' title="bbox 208 2771 865 2838; baseline 0.006 -18"><span class='ocrx_word' id='word_1_171' title='bbox 208 2771 331 2834; x_wconf 87' lang='lat' dir='ltr'>Debetur;</span> <span class='ocrx_word' id='word_1_172' title='bbox 349 2787 462 2836; x_wconf 87' lang='lat' dir='ltr'>cuperem</span> <span class='ocrx_word' id='word_1_173' title='bbox 473 2772 523 2835; x_wconf 89' lang='lat' dir='ltr'>ipse</span> <span class='ocrx_word' id='word_1_174' title='bbox 534 2788 622 2835; x_wconf 84' lang='lat' dir='ltr'>parens</span> <span class='ocrx_word' id='word_1_175' title='bbox 634 2785 753 2838; x_wconf 84' lang='lat' dir='ltr'>spectator</span> <span class='ocrx_word' id='word_1_176' title='bbox 764 2777 865 2826; x_wconf 84' lang='lat' dir='ltr'>adesset.</span> 
     </span>
    </p>

    <p class='ocr_par' dir='ltr' id='par_1_20' title="bbox 208 2859 769 2925">
     <span class='ocr_line' id='line_1_27' title="bbox 208 2859 769 2925; baseline 0.012 -18"><span class='ocrx_word' id='word_1_177' title='bbox 208 2861 265 2908; x_wconf 80' lang='lat' dir='ltr'>Haec</span> <span class='ocrx_word' id='word_1_178' title='bbox 276 2859 327 2922; x_wconf 71' lang='lat' dir='ltr'>ait,</span> <span class='ocrx_word' id='word_1_179' title='bbox 345 2867 371 2908; x_wconf 89' lang='lat' dir='ltr'>et</span> <span class='ocrx_word' id='word_1_180' title='bbox 380 2861 440 2909; x_wconf 90' lang='lat' dir='ltr'>socii</span> <span class='ocrx_word' id='word_1_181' title='bbox 451 2870 576 2910; x_wconf 86' lang='lat' dir='ltr'>cesserunt</span> <span class='ocrx_word' id='word_1_182' title='bbox 586 2877 685 2924; x_wconf 82' lang='lat' dir='ltr'>aequore</span> <span class='ocrx_word' id='word_1_183' title='bbox 691 2867 769 2925; x_wconf 69' lang='lat' dir='ltr'>iusso.</span> 
     </span>
    </p>

    <p class='ocr_par' dir='ltr' id='par_1_21' title="bbox 206 2949 883 3105">
     <span class='ocr_line' id='line_1_28' title="bbox 206 2949 883 3016; baseline 0.01 -21"><span class='ocrx_word' id='word_1_184' title='bbox 206 2949 249 3007; x_wconf 90' lang='lat' dir='ltr'>At,</span> <span class='ocrx_word' id='word_1_185' title='bbox 262 2950 380 2998; x_wconf 70' lang='lat' dir='ltr'>Rutilum</span> <span class='ocrx_word' id='word_1_186' title='bbox 392 2951 513 3011; x_wconf 80' lang='lat' dir='ltr'>abscessu,</span> <span class='ocrx_word' id='word_1_187' title='bbox 522 2952 618 3011; x_wconf 75' lang='lat' dir='ltr'>iuvenis</span> <span class='ocrx_word' id='word_1_188' title='bbox 628 2960 692 3014; x_wconf 90' lang='lat' dir='ltr'>tum,</span> <span class='ocrx_word' id='word_1_189' title='bbox 701 2955 770 3014; x_wconf 74' lang='lat' dir='ltr'>iussa</span> <span class='ocrx_word' id='word_1_190' title='bbox 779 2955 883 3016; x_wconf 87' lang='lat' dir='ltr'>superba</span> 
     </span>
     <span class='ocr_line' id='line_1_29' title="bbox 207 3035 853 3105; baseline 0.012 -24"><span class='ocrx_word' id='word_1_191' title='bbox 207 3035 322 3097; x_wconf 88' lang='lat' dir='ltr'>Miratus,</span> <span class='ocrx_word' id='word_1_192' title='bbox 334 3045 413 3101; x_wconf 89' lang='lat' dir='ltr'>stupet</span> <span class='ocrx_word' id='word_1_193' title='bbox 422 3039 449 3088; x_wconf 89' lang='lat' dir='ltr'>iu</span> <span class='ocrx_word' id='word_1_194' title='bbox 461 3041 557 3100; x_wconf 86' lang='lat' dir='ltr'>Turno,</span> <span class='ocrx_word' id='word_1_195' title='bbox 568 3054 705 3104; x_wconf 85' lang='lat' dir='ltr'>corpusque</span> <span class='ocrx_word' id='word_1_196' title='bbox 717 3042 853 3105; x_wconf 74' lang='lat' dir='ltr'>peringens</span> 
     </span>
    </p>

    <p class='ocr_par' dir='ltr' id='par_1_22' title="bbox 161 3107 852 3190">
     <span class='ocr_line' id='line_1_30' title="bbox 161 3107 852 3190; baseline 0.017 -23"><span class='ocrx_word' id='word_1_197' title='bbox 161 3107 172 3120; x_wconf 78' lang='grc'><strong>’</strong></span> <span class='ocrx_word' id='word_1_198' title='bbox 206 3122 310 3170; x_wconf 85' lang='lat' dir='ltr'>Lumina</span> <span class='ocrx_word' id='word_1_199' title='bbox 320 3124 407 3184; x_wconf 86' lang='lat' dir='ltr'>volvit,</span> <span class='ocrx_word' id='word_1_200' title='bbox 416 3125 515 3187; x_wconf 86' lang='lat' dir='ltr'>obitque</span> <span class='ocrx_word' id='word_1_201' title='bbox 527 3113 591 3178; x_wconf 81' lang='lat' dir='ltr'>truci</span> <span class='ocrx_word' id='word_1_202' title='bbox 600 3131 685 3190; x_wconf 86' lang='lat' dir='ltr'>procul</span> <span class='ocrx_word' id='word_1_203' title='bbox 697 3131 782 3180; x_wconf 87' lang='lat' dir='ltr'>omnia</span> <span class='ocrx_word' id='word_1_204' title='bbox 791 3130 852 3179; x_wconf 83' lang='lat' dir='ltr'>risu.</span> 
     </span>
    </p>
   </div>
   <div class='ocr_carea' id='block_1_5' title="bbox 0 0 1172 3734">
    <p class='ocr_par' dir='ltr' id='par_1_23' title="bbox 0 0 1172 3734">
     <span class='ocr_line' id='line_1_31' title="bbox 0 0 1172 3734; baseline 0 0"><span class='ocrx_word' id='word_1_205' title='bbox 0 0 1172 3734; x_wconf 95' lang='lat' dir='ltr'> </span> 
     </span>
    </p>
   </div>
  </div>
 </body>
</html>
