2334 3734
381 493 580 548 ououfflcotl
601 497 665 548 nto.
682 493 728 550 lii.
937 494 972 550 'ot

165 627 319 675 Nascentum
328 645 337 687 3
354 625 476 687 plenoque
486 626 563 675 alium
573 627 731 692 circumspice
741 641 835 692 campo.

166 715 276 763 Munere
288 714 323 762 sic
334 714 406 762 niveo
417 715 491 775 lario,
503 715 524 763 si
535 715 635 764 creuere
645 716 745 777 ὤμω
754 714 805 778 est,
835 739 838 744 ’

167 804 219 850 Pan
231 803 292 851 deus
304 803 415 851 Arcadian
425 811 520 865 captam
531 811 565 864 te,
577 806 656 865 Luna,
667 805 767 865 fefellit,

168 894 197 941 ln
209 907 315 941 nemora
325 894 375 941 alta
385 907 492 953 vocans3
511 907 556 941 nec
566 899 594 940 tu
605 893 750 956 adspernata
759 902 894 943 vocantem.

199 984 245 1043 At,
256 982 297 1030 cui
309 981 379 1030 lactis
391 995 471 1041 antor,
483 980 586 1044 cytisum
598 983 711 1044 lotosque
723 983 857 1044 manentis

169 1073 224 1133 Ipse
235 1085 313 1119 manu
323 1072 446 1132 salumque
458 1071 521 1119 ferat
532 1071 680 1134 presepibus
691 1071 788 1120 herbas.

170 1159 236 1208 Hine
246 1167 271 1208 et
283 1167 367 1208 amant
377 1159 463 1209 lindos
475 1159 562 1220 tnagis,
573 1173 602 1208 ae
611 1159 687 1220 magis
697 1161 773 1208 ubera
783 1159 895 1221 tendunt,

170 1251 202 1298 Et
212 1250 271 1298 salis
283 1251 407 1298 occultum
419 1249 530 1297 referunt
540 1248 566 1297 in
577 1251 639 1298 lacte
649 1264 770 1313 saporem.

170 1338 245 1386 Multi
253 1340 306 1398 jam
317 1346 429 1386 excretos
440 1338 572 1400 prohibent
582 1352 598 1386 a
609 1338 727 1388 manibus
738 1339 831 1400 hedos,

159 1457 160 1462 =
171 1428 301 1490 Primaque
312 1428 408 1476 ferrans
419 1429 547 1490 praefigunt
557 1442 602 1477 ora
611 1429 733 1492 capistris.

173 1517 245 1572 Quod
255 1526 370 1579 ungento
381 1518 421 1566 die
432 1519 538 1568 mulsere
549 1519 665 1580 horisque
675 1518 780 1579 diurnis,

173 1609 251 1656 Nocte
260 1614 392 1669 premunt3
410 1607 474 1668 quod
483 1609 535 1667 lam
546 1607 653 1656 tenmris
664 1614 689 1655 et
700 1608 752 1656 sole
763 1607 874 1668 mente,

172 1696 223 1744 Sub
232 1697 314 1744 lucem
325 1705 457 1759 exportans
468 1696 570 1746 calathis
581 1697 633 1746 adit
643 1696 732 1760 oppida
742 1705 824 1759 pastor
835 1716 843 1759 3

173 1786 224 1834 Aut
234 1798 308 1848 parco
320 1785 371 1832 sale
380 1784 536 1846 contingunt,
548 1783 672 1846 hiemique
679 1792 808 1847 reponunt.

70 1921 75 1935 ,
169 1887 174 1893 ·
206 1876 259 1923 Nec
269 1874 315 1923 tihi
325 1887 385 1922 cuna
394 1887 484 1924 cautim
495 1873 571 1922 fuerit
581 1881 719 1935 postremo:
736 1873 779 1922 sed
789 1886 839 1922 una

113 1999 116 2005 .
174 1964 271 2013 Velocis
281 1965 478 2027 Spartoecatulos
488 1977 617 2025 acremque
625 1965 765 2014 Molossum

175 2053 249 2101 Pasce
259 2065 314 2100 sero
325 2051 418 2115 pingui.
451 2053 593 2112 Numquam
603 2052 742 2100 custodibus
753 2051 803 2099 illis
845 2033 849 2042 ¹

176 2141 331 2190 Nocturnum
343 2139 444 2189 stabulis
457 2141 547 2200 luem,
559 2139 718 2201 incursusque
729 2141 853 2202 luporum,

175 2233 225 2278 Aut
234 2230 357 2293 inpacatos
368 2243 383 2278 a
393 2237 462 2290 tergo
472 2228 583 2276 horrebis
597 2228 712 2278 Hiberos.

176 2321 244 2382 Sepe
254 2319 329 2368 edam
338 2331 413 2366 cursu
422 2317 523 2366 timidos
532 2315 632 2378 agitabis
643 2331 758 2377 onagros,

177 2410 210 2458 Et
219 2409 320 2457 canibus
331 2410 451 2470 leporem,
464 2407 564 2456 canibus
574 2408 692 2456 venabere
703 2406 794 2454 damas.

177 2498 245 2560 Saepe
255 2496 391 2545 volutabris
398 2489 482 2558 pulsos
493 2495 643 2544 silvestribus
654 2507 726 2557 apros
811 2547 813 2552 ,

178 2588 279 2636 Latratu
289 2584 399 2634 turbabis
411 2599 494 2646 agens,
506 2583 644 2644 montisque
654 2597 697 2645 per
708 2583 771 2630 altos

179 2677 305 2737 Ingentem
316 2676 423 2723 clamore
433 2687 528 2737 premes
539 2673 569 2720 ad
580 2673 643 2721 retia
652 2647 759 2721 sermm.

210 2765 283 2814 Disce
294 2771 320 2813 et
330 2761 455 2812 mortam
466 2761 570 2811 stabulis
579 2760 712 2810 adcendere
721 2760 831 2818 cedrum,

179 2855 352 2915 Galbaneoque
362 2851 452 2913 agitare
462 2849 541 2912 gravis
551 2849 637 2898 nidore
648 2848 784 2910 chelydros.

180 2945 248 3005 Sapo
259 2944 305 2991 sub
316 2941 415 2990 inmotis
425 2938 572 3002 presepibus
583 2944 625 2986 ant
635 2937 701 2984 mala
710 2943 777 2984 taem
822 2931 828 2946 '

180 3032 270 3094 Vipera
280 3029 387 3088 delibuit,
398 3029 535 3087 ooelumque
546 3024 664 3074 exterrita
674 3022 736 3083 fugit
745 3041 754 3083 ;

179 3122 232 3170 Aut
242 3127 306 3168 tocto
318 3119 431 3167 adsuetus
443 3115 543 3163 coluber
555 3111 682 3162 succedere
694 3116 719 3158 et
729 3107 833 3166 umbre,
