2334 3734
410 515 568 566 AENEIDOS
586 517 649 565 LlB.
667 516 712 564 lll.
916 509 961 562 177

158 651 232 699 Parce
242 647 293 712 pias
305 649 424 697 scelerare
435 661 531 708 manus.
565 648 624 695 Non
636 661 676 695 me
687 644 732 694 tibi
742 647 819 709 'lroja

157 741 296 802 Externum
306 737 363 787 tulit
372 758 380 800 3
398 743 440 786 aut
450 751 524 786 cruor
534 735 574 786 bic
585 736 616 785 de
626 735 708 799 stipite
719 742 810 785 manat

158 829 230 878 Heu!
250 828 305 888 fuge
313 826 424 876 *crudelis
435 833 525 886 terras,
538 825 595 886 fuge
605 825 664 874 litus
676 839 784 875 avarum.
812 843 815 848 ·

159 919 224 967 Nam
236 916 370 980 Polydorus
382 931 435 978 ego.
470 914 517 964 Hic
527 915 651 964 confixum
665 915 745 964 ferrea
754 912 818 964 texit

157 1008 276 1057 'Pelorum
287 1020 365 1068 seges,
376 1013 402 1055 et
410 1004 499 1066 jaculis
510 1004 614 1054 increvit
623 1004 708 1054 acutis.

156 1099 223 1146 Tum
234 1111 293 1146 vero
305 1095 405 1159 ancipiti
415 1102 523 1144 mentem
535 1094 668 1144 formidine
679 1107 778 1156 pressus

160 1186 292 1250 Obstupui,
303 1192 470 1248 steteruntque
481 1199 568 1244 comae,
580 1192 605 1234 et
615 1197 663 1232 vox
676 1182 785 1231 lancibus
797 1180 876 1228 baesit.

192 1279 264 1327 Hunc
275 1276 424 1340 Polydorum
435 1274 488 1324 auri
499 1273 621 1336 quondam
634 1287 690 1320 cum
701 1270 809 1334 pondere
820 1283 908 1332 magno

159 1367 250 1416 Infelix
262 1365 374 1414 Priamus
386 1364 472 1414 furtim
483 1362 611 1412 mandaret
621 1361 736 1409 alendum

159 1455 274 1506 Threicio
286 1455 354 1519 regi3
371 1469 446 1517 quum
455 1455 507 1514 jam
520 1451 640 1501 diffideret
651 1450 726 1500 armis

159 1545 299 1606 Dardaniae,
310 1543 422 1607 cingique
433 1544 519 1592 urbem
530 1540 658 1590 obsidione
668 1539 772 1588 videret.

161 1636 217 1696 llle,
231 1642 326 1703 utkopes
338 1633 420 1682 fracte
431 1634 564 1691 Teucrum,
576 1637 601 1679 et
612 1630 722 1678 Fortuna
733 1626 843 1686 recessit,

161 1729 209 1776 lies
221 1724 427 1788 Agamemnonias
439 1723 595 1784 victriciaque
606 1735 675 1770 arma
685 1727 793 1780 secutus,

161 1817 207 1866 Fas
219 1830 293 1866 omne
303 1814 441 1878 abrumpit,
460 1814 609 1877 Polydorum
619 1813 759 1870 obtruncat,
771 1815 796 1858 et
806 1821 866 1857 auro

161 1905 192 1954 Vi
203 1905 304 1970 potitur.
339 1903 404 1958 Quid
415 1916 464 1952 non
476 1901 592 1952 mortalia
602 1909 703 1964 pectora
712 1898 790 1961 cogis,

160 1997 224 2046 Auri
235 2009 303 2046 sacra
314 1995 407 2044 samm!
435 1995 567 2056 Postquam
579 2005 654 2054 paror
666 2004 723 2039 ossa
729 1986 838 2050 reliquit,

161 2087 274 2136 Delectos
286 2083 370 2149 populi
381 2082 411 2132 ad
423 2096 544 2146 proceres,
557 2080 712 2143 primumque
722 2084 860 2141 parentem,

152 2163 274 2225 'Monstra
285 2174 358 2223 deum
370 2172 463 2232 refero,
475 2179 510 2230 et,
522 2184 576 2232 quae
587 2166 760 2225 deterrentia,
772 2177 855 2228 posco

163 2265 283 2316 Omnibus
295 2263 360 2312 idem
375 2260 471 2310 animus
482 2260 601 2308 scelerata
612 2255 729 2305 excedere
739 2262 822 2314 terra3

163 2357 251 2421 Linqui
263 2357 386 2420 pollutum
396 2351 540 2415 hospitium,
552 2356 577 2397 et
587 2347 645 2395 dare
655 2344 773 2395 classibus
785 2348 887 2392 austros.

163 2449 228 2509 Ergo
239 2446 403 2496 instauramus
416 2439 538 2504 Polydoro
550 2437 634 2495 funus,
646 2441 671 2483 et
681 2433 766 2494 ingens

164 2536 295 2598 Adgeritur
306 2533 403 2584 tumulo
415 2531 488 2581 tellus
498 2549 506 2592 3
525 2534 591 2576 stant
602 2523 717 2574 Manibus
729 2535 788 2581 ara,

165 2627 282 2677 Curuleis
292 2632 382 2675 maestae
393 2622 459 2672 vittis
472 2628 572 2684 atraque
582 2629 696 2680 cupresso
705 2634 714 2676 3

164 2719 197 2767 Et
207 2718 299 2766 circum
311 2716 399 2778 Iliades
409 2715 503 2764 crinem
515 2711 545 2760 de
556 2723 625 2762 more
636 2708 731 2757 solum.

166 2807 296 2857 lnferimus
307 2806 388 2870 tepido
399 2802 537 2868 spumantia
546 2799 642 2864 cymbia
651 2799 724 2855 lacte,

166 2897 296 2960 Sanguinis
307 2905 334 2946 et
344 2895 406 2946 sacri
416 2902 525 2958 pateras:
544 2890 699 2948 animamque
710 2882 821 2945 sepulcro

108 3029 112 3036 .
168 2987 312 3047 (leodimus,
323 2994 348 3035 et
358 2999 446 3046 magna
457 2994 598 3045 supremum
609 2990 667 3025 voce
677 2973 778 3023 ciemus.

199 3076 269 3137 Inde,
281 3075 323 3125 ubi
334 3074 414 3138 prima
424 3072 483 3122 fides
495 3072 590 3135 pelago,
602 3067 744 3129 placataque
756 3056 823 3108 venti

168 3169 233 3216 Dant
244 3167 331 3228 maria,
343 3173 368 3215 et
379 3163 441 3213 lenis
451 3161 571 3226 crepitans
583 3162 655 3208 vocat
665 3160 746 3203 auster
758 3150 784 3199 in
796 3150 884 3206 altrum,
928 3167 931 3171 ·

565 3262 582 3296 u
