2334 3734
233 537 264 586 tt
455 536 482 583 Ρ.
499 535 636 584 vlnulbtl
654 534 809 583 trunonis

234 665 295 726 Ceu,
307 677 396 726 pressat
407 678 482 725 quum
491 665 543 723 jam
555 670 654 726 portum
664 661 765 723 tetigere
775 661 874 720 carine,

234 753 357 817 Puppibus
369 759 394 801 et
404 752 455 802 leti
467 761 546 806 neutae
557 752 687 815 inposuere
698 765 810 800 coronas.

234 841 282 890 Sed
293 848 375 890 tamen
386 847 411 888 et
422 854 526 903 quernus
536 840 636 902 glandes
647 848 700 889 turn
710 841 829 901 stringere
840 849 946 902 tempus,

234 931 267 978 Et
274 929 336 979 lauri
349 931 443 989 baccas,
454 930 591 992 oleamque,
603 937 750 991 cruentaque
762 937 857 993 myrta3

233 1021 298 1068 Tum
309 1019 408 1080 gruibus
420 1018 515 1082 pedicas
523 1027 548 1068 et
560 1019 622 1068 retia
631 1033 722 1082 ponere
732 1020 819 1080 certis,

232 1108 380 1170 Auritosque
391 1108 458 1169 sequi
470 1110 565 1170 lepores
575 1128 583 1169 3
601 1115 654 1156 tum
666 1108 740 1168 ligere
750 1107 844 1169 darum,

234 1197 339 1259 Stuppea
350 1203 504 1259 torquentem
515 1196 624 1245 Balearis
635 1197 735 1244 verbera
746 1195 842 1244 funde:

235 1287 317 1339 Quum
325 1285 368 1335 uix
380 1287 511 1346 altuinum,
520 1285 622 1347 glaciem
633 1301 709 1347 quum
720 1284 824 1333 flumina
833 1284 944 1334 trudunt

267 1376 333 1430 Quid
342 1383 497 1438 tempestates
506 1375 631 1424 auctumni
642 1383 668 1424 et
677 1374 757 1422 sidera
766 1374 865 1423 dicam?

232 1465 323 1526 Atque,
334 1463 376 1513 ubi
386 1465 436 1523 iarn
447 1463 592 1525 breviorque
602 1462 653 1512 dies
665 1471 691 1512 et
702 1462 802 1512 mollior
812 1470 894 1523 oesws,

233 1552 294 1605 Qum
304 1549 424 1613 rutunda
434 1551 510 1600 viris?
530 1553 568 1600 vel
579 1566 655 1614 quum
666 1552 717 1600 ruit
728 1537 881 1600 imbriferum
892 1566 944 1610 rer,

232 1639 318 1703 Spicea
327 1642 377 1700 iam
388 1639 478 1702 campis
490 1654 567 1702 quum
578 1640 665 1690 messis
676 1640 810 1701 inhorruit,
821 1647 847 1690 et
857 1655 933 1702 quum

233 1731 366 1778 Frumento
376 1730 402 1778 iu
412 1728 484 1778 viridi
495 1729 584 1792 stipula
594 1730 709 1779 lactentia
720 1737 834 1791 turguent
844 1732 854 1778 i

236 1819 304 1879 Soepe
316 1832 371 1879 ego,
383 1832 458 1879 quum
468 1817 536 1866 flavis
546 1831 679 1867 messorem
690 1819 815 1868 induceret
825 1819 889 1868 arvis

233 1905 359 1968 Agricola,
369 1914 394 1955 et
405 1907 485 1968 fragili
494 1910 547 1968 jam
558 1907 688 1970 stringeret
697 1909 790 1959 hordea
800 1911 892 1970 urlmo,

234 1995 326 2044 Omnia
335 2002 464 2044 ventorum
475 2011 622 2046 concurrere
632 1997 721 2060 proelia
731 1997 794 2046 ridi:

232 2083 293 2136 Quae
304 2081 426 2143 gravidam
440 2083 489 2132 late
500 2091 605 2145 segetem
615 2086 646 2133 ab
655 2083 776 2134 radicibus
787 2085 844 2134 imis

175 2185 177 2190 ’
233 2170 342 2220 Subllme
353 2172 480 2234 expulsum
491 2181 621 2235 eruerent;
638 2174 673 2222 ita
682 2173 779 2223 turbine
790 2173 860 2236 nigro

233 2259 318 2308 Ferret
328 2260 406 2310 hiems
416 2263 572 2325 urlmumque
581 2263 661 2311 levem
671 2263 820 2325 stipulasque
830 2263 943 2314 volantis.

235 2348 305 2411 Saepe
312 2349 384 2398 etianr
396 2349 535 2400 inmensum
545 2352 608 2399 coelo
620 2350 687 2400 venit
696 2365 784 2412 agmen
795 2364 922 2413 aquarum,

232 2439 265 2486 Et
276 2438 365 2488 tedam
375 2441 514 2502 glomerant
522 2449 691 2505 tempestatem
702 2441 820 2492 imbribus
831 2441 891 2492 atris

156 2559 158 2564 -
235 2528 356 2579 Conlectae
368 2544 398 2578 ex
409 2531 459 2580 alto
471 2533 547 2580 nubes
558 2552 566 2593 ς
584 2532 635 2580 ruit
644 2532 734 2581 arduus
744 2533 830 2592 aether,

232 2616 265 2664 Et
276 2616 357 2679 pluvia
368 2617 460 2679 ingenti
472 2626 524 2667 sata
534 2620 592 2667 leta
602 2620 724 2680 boumque
734 2620 831 2668 labores

232 2704 326 2768 Diluit3
344 2706 468 2770 inplentur
479 2708 561 2768 fossae,
574 2716 600 2757 et
610 2721 669 2756 cava
679 2707 782 2756 flumina
794 2718 906 2759 crescunt

234 2794 297 2842 Cum
308 2794 405 2855 sonitn;
422 2795 545 2858 ferretque
553 2795 622 2845 fretis
633 2795 780 2860 spirantibus
791 2811 883 2859 equor.
895 2819 898 2826 ·

233 2883 288 2943 lpse
299 2883 381 2942 Pater,
393 2882 473 2933 media
484 2883 625 2934 nimborum
635 2884 662 2933 in
673 2892 755 2945 nocte,
767 2899 869 2936 corusca

233 2968 347 3019 Fulmina
360 2970 459 3020 molitur
470 2972 569 3021 dextra:
588 2986 637 3034 quo
648 2981 844 3022 maxuma-motu

231 3059 308 3106 'l'erra
319 3057 418 3119 tremit3
436 3059 518 3120 fugere
529 3061 603 3122 ferae3
621 3068 647 3109 et
657 3060 770 3111 mortalia
780 3061 856 3112 eorda

232 3147 278 3192 l‘er
291 3152 374 3206 gentes
385 3145 486 3196 humilis
497 3149 582 3197 stravit
591 3163 680 3211 pavor:
697 3150 740 3198 ille
750 3149 861 3212 flagrami
