2334 3734
227 533 260 580 lt
454 531 482 578 Ρ.
498 528 636 577 VIRGILH
653 527 807 576 MARONIS

230 661 312 714 Quum
320 658 400 708 medio
412 659 503 708 celeres
513 657 663 706 revolantex
673 669 770 718 aequore
781 655 867 716 mergi,

230 750 416 812 clamoremque
426 749 508 798 ferunt
519 747 550 796 ad
561 747 651 808 litora3
668 761 792 809 quumque
803 745 904 796 marium

230 840 258 886 ln
270 838 334 888 sicco
346 819 433 887 ludunt
444 837 542 898 fulicae;
559 843 679 896 notasque
689 835 789 897 paludes

231 925 336 986 Deserit,
347 934 419 987 atque
429 927 504 974 altam
516 939 590 988 supra
599 925 666 973 volat
676 924 750 972 ardea
760 926 858 974 nubem.

231 1015 299 1076 Saepe
310 1014 383 1062 etiam
394 1015 487 1075 stellas,
500 1021 571 1062 vento
580 1012 737 1074 inpendente,
748 1012 839 1060 videbis

233 1103 370 1166 Praecipites
381 1103 443 1151 coelo
456 1102 515 1163 labi,
528 1101 654 1163 noctisque
664 1115 708 1164 per
718 1103 831 1150 umbram

232 1193 397 1240 flammarum
408 1192 494 1252 longos
506 1206 521 1239 a
532 1198 601 1252 tergo
612 1191 735 1240 albescere
745 1198 853 1252 tracum

232 1281 301 1342 Saepe
312 1280 390 1328 levem
401 1281 496 1343 paleam
507 1287 532 1328 et
543 1280 641 1328 [rondes
652 1278 754 1328 volitare
764 1279 876 1340 caducas,

232 1371 282 1418 Aut
292 1384 388 1418 summa
398 1370 478 1418 nautb
489 1369 514 1417 in
526 1383 589 1430 aqua
599 1369 730 1418 conludere
740 1369 844 1431 plumas.

232 1461 265 1507 At
276 1460 361 1506 Boreas
372 1458 402 1507 de
413 1465 481 1520 parte
492 1457 567 1506 trucis
578 1472 654 1519 quum
666 1457 790 1517 fulminat,
800 1465 828 1506 et
837 1471 913 1518 quum

231 1547 338 1609 Eurique
350 1549 499 1611 Zephyrique
509 1555 580 1598 tonat
591 1548 690 1596 domus:
707 1546 792 1596 omnia
803 1546 881 1610 plenis

232 1638 299 1685 Rura
309 1645 394 1686 natam
404 1637 487 1698 fossis,
498 1645 570 1699 atque
580 1637 662 1686 omnis
673 1635 754 1686 navita
763 1644 840 1699 ponto

233 1725 340 1774 Humida
350 1727 404 1774 vela
414 1726 479 1786 legit.
512 1727 652 1787 Numquam
663 1725 849 1789 inprudentibus
861 1725 938 1774 imber

233 1813 333 1864 Obicit:
351 1815 473 1864 sutilium
484 1823 622 1877 surgentem
633 1815 737 1866 vallibtu
748 1816 805 1866 imis

231 1903 311 1952 Aoriae
322 1903 404 1964 fugere
414 1918 484 1965 grues
494 1925 502 1966 3
519 1912 561 1953 aut
571 1906 660 1953 bucula
668 1905 759 1954 coelum

233 1995 371 2058 Suspiciens
381 1996 470 2059 patulis
480 1996 583 2059 captavit
594 1997 694 2045 naribus
705 2009 794 2058 ουτως

232 2087 283 2134 Aut
293 2094 377 2146 arguta
388 2086 453 2134 lacus
465 2086 667 2136 circumvolitavit
675 2085 799 2147 biruud03

231 2172 263 2221 Et
274 2182 378 2222 veterem
390 2173 415 2223 in
427 2174 487 2223 limo
499 2189 565 2224 ranae
575 2175 683 2224 cecinere
692 2175 824 2236 querelam.

232 2261 324 2325 Saepius
335 2270 360 2310 et
370 2263 438 2312 tectis
450 2265 615 2326 penetralibus
625 2264 716 2314 extulit
728 2278 775 2313 ova

232 2353 368 2412 Angtrstum
379 2352 482 2400 formica
492 2361 573 2401 terens
584 2353 648 2414 iter3
665 2360 691 2401 et
700 2352 763 2402 bibit
774 2352 860 2414 ingens

230 2441 325 2502 Arcus5
343 2448 368 2489 et
379 2450 473 2504 epastu
485 2442 603 2491 decedens
612 2443 709 2503 agmine
719 2456 807 2504 magno

231 2528 366 2578 Corvorum
378 2530 497 2595 increpuit
507 2531 588 2580 densis
598 2531 718 2580 exercitans
728 2531 783 2580 alis.

230 2619 288 2667 Jam
301 2618 377 2668 varias
388 2620 465 2683 pelagi
476 2620 597 2678 volucres,
608 2628 634 2667 et
643 2634 698 2680 quse
709 2619 769 2668 Asia
779 2619 870 2668 circum

231 2708 347 2757 Dulcibus
359 2709 384 2756 iu
393 2709 483 2771 stagnis
494 2709 614 2756 rimantur
624 2716 694 2771 prata
704 2708 809 2771 Caystri,

233 2797 349 2846 Certatim
359 2799 440 2859 largos
451 2797 559 2847 humeris
570 2797 698 2846 infundere
709 2812 788 2858 rores,

232 2890 303 2938 Nunc
313 2895 385 2951 <aput
395 2889 514 2948 objectare
525 2888 605 2949 iretis,
615 2903 681 2937 nunc
690 2901 789 2938 currere
800 2886 826 2936 in
837 2887 926 2947 undas,

231 2977 264 3025 Et
275 2976 354 3025 smdio
365 2969 577 3026 incassum'videen
587 2977 676 3038 gestire
686 2976 792 3027 luendi.

230 3065 295 3112 Tum
306 3065 392 3113 cornix
405 3067 476 3128 plena
487 3067 593 3130 pluviam
604 3074 674 3116 vocat
684 3067 786 3129 inprobe
798 3081 867 3126 νοω,

230 3153 263 3200 lit
270 3154 324 3200 sola
333 3153 360 3202 in
371 3153 435 3204 sicca
444 3169 526 3205 secum
537 3155 656 3219 spatiatur
665 3170 747 3205 arena
