2334 3734
402 541 558 593 sucinos
576 544 638 592 uua
656 544 687 592 x.
896 547 944 596 305

150 672 283 733 Noctivago
294 672 385 720 Phoebe
397 671 503 721 medium
515 672 627 734 pulsabat
639 671 787 735 Olympum:

152 762 242 811 AEneas
258 761 346 825 (neque
358 759 423 810 enim
434 760 549 809 membris
558 760 600 809 dat
609 774 668 809 cura
677 760 793 823 quietem)

150 850 204 912 Ipse
216 848 302 899 sedens
312 848 455 910 clavumque
466 848 527 909 regit
537 848 645 910 velisque
656 848 786 898 ministrat.

103 956 110 967 ·
149 939 230 999 Atque
243 936 279 985 illi
291 936 370 985 medio
381 936 407 984 iu
419 936 496 999 spatio
508 938 609 997 chorus,
621 951 686 998 ecoe,
699 952 798 988 suanum
861 951 866 959 ’

152 1026 264 1077 Occurrit
274 1028 403 1077 comitum:
422 1028 551 1091 Nymphae,
562 1041 622 1089 quas
634 1030 700 1077 alma
712 1029 807 1091 Cybebe
879 1078 882 1084 ,

152 1118 250 1165 Numen
259 1116 348 1165 habere
359 1116 442 1176 maris,
456 1118 628 1179 Nymphasque
638 1130 653 1165 e
665 1116 764 1166 navibus
773 1131 839 1181 esse,

150 1206 272 1265 iusserat,
284 1205 401 1254 innabant
412 1204 512 1267 pariter,
524 1205 659 1266 ductusque
672 1206 795 1265 secabant,

152 1295 219 1348 Quot
229 1294 296 1357 prius
308 1301 386 1343 aeratae
397 1301 513 1343 steterant
523 1292 554 1341 ad
565 1292 639 1348 litora
649 1308 736 1355 prorae.

152 1383 311 1445 Adgnoscunt
321 1384 393 1445 longe
405 1364 661 1445 regemslustrantque
671 1381 774 1430 choreis.

149 1474 333 1535 Quacumque
345 1473 411 1522 fandi
423 1472 572 1532 doctissima,
586 1471 737 1535 Cymodocea

153 1565 219 1612 Pone
230 1576 332 1625 sequeus
343 1563 428 1611 denua
440 1561 538 1625 puppim
550 1568 626 1620 tenet,
637 1560 736 1623 ipsaque
747 1558 821 1608 dorso

154 1649 261 1712 Eminet,
273 1664 300 1699 ac
311 1651 372 1699 leva
381 1650 460 1708 tacitis
472 1637 620 1711 subremigat
630 1647 710 1697 undis.

152 1740 216 1787 Tum
227 1738 262 1789 sic
270 1739 382 1800 ignarum
393 1738 545 1801 adloquitur:
562 1736 697 1798 ldgllasna
706 1735 779 1785 deum
790 1748 858 1796 gens,

153 1828 247 1877 AEnea?
267 1827 347 1889 vigila,
360 1835 384 1876 et
393 1828 453 1877 velis
464 1826 560 1875 inmitte
575 1824 698 1874 rudentes.

153 1919 205 1966 Nos
217 1931 301 1965 sumus
314 1916 383 1966 ldaeae
394 1922 463 1965 sacro
475 1916 505 1964 de
515 1914 604 1963 vertice
614 1913 696 1976 pinus,

155 2006 228 2055 Nunc
239 2006 316 2068 pelagi
328 2006 457 2077 Nymphae,
468 2004 551 2053 classis
561 2011 612 2052 tua.
646 1999 756 2050 Perfidus
767 2005 796 2047 ut
806 2013 851 2048 nos

156 2094 293 2157 Pracipites
305 2095 370 2142 ferro
382 2094 487 2142 liutedus
498 2093 642 2151 flammaque
653 2090 790 2151 premebat:

155 2182 273 2246 Rupimus
285 2181 366 2252 invitae
377 2189 420 2229 tua
431 2180 537 2239 vincula,
548 2186 620 2239 teque
629 2190 673 2238 per
683 2190 765 2237 sequor

153 2269 300 2325 Quarimus.
335 2271 405 2317 Hanc
413 2266 532 2316 Genetrix
543 2265 628 2314 faciem
640 2264 753 2311 miserata
763 2262 857 2321 reiecit,

154 2360 187 2409 Et
197 2358 264 2407 dedit
275 2371 327 2406 esse
340 2357 407 2417 deas,
420 2368 545 2417 aevumque
556 2349 646 2415 agitare
656 2352 701 2400 sub
712 2350 792 2398 undis.

154 2452 188 2499 At
198 2462 258 2512 puer
269 2447 387 2497 Ascanius
401 2460 471 2495 muro
482 2444 602 2505 fossisque
612 2446 708 2489 tenetur

90 2575 101 2592 .
155 2539 216 2587 Tela
226 2538 290 2587 inter
301 2536 380 2587 media
390 2543 462 2597 atque
472 2530 597 2582 horrentis
607 2531 689 2578 Marte
700 2525 806 2575 Latinos.

155 2628 213 2677 lam
224 2627 278 2675 locs
285 2628 354 2687 iussa
364 2631 449 2675 tenent
458 2622 517 2671 forti
527 2619 663 2684 permixtus
674 2617 779 2664 Etrusco

154 2718 232 2765 Artas
243 2727 322 2777 eques.
356 2713 451 2763 Medias
463 2710 512 2759 illis
521 2721 643 2772 opponere
654 2712 758 2765 turmas,

158 2807 197 2853 Ne
207 2803 292 2853 castris
301 2806 414 2865 jungant,
426 2810 493 2851 certa
502 2807 540 2850 est
551 2796 671 2847 sententia
681 2796 776 2842 burno.

160 2896 236 2956 Surge
249 2880 302 2955 age,
313 2900 338 2941 et
347 2895 445 2941 Aurora
455 2890 534 2939 socios
546 2887 657 2937 veniente
667 2880 749 2931 vocari

160 2983 256 3033 Primus
266 2982 292 3030 in
304 2994 372 3029 arma
379 2981 449 3040 jube,
461 2985 485 3027 et
496 2977 601 3039 clipeum
612 2985 682 3034 cape:
700 2981 772 3031 quem
782 2964 849 3015 dedit
858 2964 910 3027 lpse

160 3071 280 3121 Invictum
291 3068 438 3135 igpipotens,
450 3074 520 3127 atque
531 3078 587 3113 oras
597 3058 683 3110 ambiit
693 3069 762 3105 auro.

162 3160 274 3209 Crastina
284 3161 339 3219 lux,
352 3170 406 3207 mea
417 3155 437 3205 si
448 3169 498 3204 non
509 3153 584 3202 inrita
594 3150 659 3199 dicta
667 3146 769 3210 putaris,

516 3243 531 3290 2
550 3254 564 3289 c
