2334 3734
414 517 572 568 AENEIDOS
590 521 653 570 bill.
672 520 705 568 ll.

152 647 308 708 Auratasque
319 647 400 712 trabes
403 683 411 707 ,
423 655 531 696 veterum
542 648 632 698 decora
641 650 693 698 alta
702 658 843 713 parentum,

151 737 313 799 Devolvunt3
331 736 374 786 alii
384 737 475 786 strictis
488 739 647 789 mucronibus
656 741 719 791 imus

151 827 281 876 Obsedere
292 829 371 877 iores:
391 829 434 878 has
446 839 543 878 servant
553 831 651 891 agruim
662 831 748 881 denso.

106 942 108 947 ·
151 918 288 968 Instaurati
299 919 386 978 animi,
398 919 462 980 regis
472 933 615 969 succurrere
626 922 709 982 tectis,

155 1009 308 1071 Auinquue
321 1009 401 1058 levare
415 1009 490 1069 viros,
502 1009 601 1072 vimque
614 1010 704 1061 rddere
715 1011 795 1061 victis

188 1098 275 1146 Limen
286 1105 349 1157 erat,
361 1111 477 1159 caernsque
487 1098 564 1158 fores,
576 1107 602 1147 et
611 1100 713 1162 pervius
724 1114 783 1149 usus

150 1189 286 1236 'rectorum
298 1187 362 1236 inter
373 1201 399 1235 se
410 1185 514 1250 Priami,
525 1195 653 1250 pomoque
665 1188 748 1237 relicti

152 1278 177 1325 A
188 1284 271 1338 tergo:
289 1277 376 1326 infelix
388 1291 435 1339 qua
447 1291 483 1337 se,
496 1276 554 1326 dum
567 1293 643 1339 regna
653 1279 799 1338 manebant,
873 1267 879 1278 ’

151 1366 248 1429 Sepius
259 1364 432 1415 Andromache
442 1367 507 1415 ferre
518 1367 660 1417 incomitata
670 1369 764 1418 solebat

151 1455 192 1504 Ad
204 1469 314 1516 soceros,
325 1463 350 1504 et
360 1469 404 1504 aso
416 1469 521 1519 puerum
532 1457 679 1519 Astyanacta
689 1457 809 1506 trahebat

151 1545 235 1594 Evado
246 1544 277 1594 ad
289 1545 380 1594 summi
391 1545 488 1606 fastigia
498 1545 628 1597 culminis:
646 1546 713 1596 unde

151 1634 213 1682 Tela
223 1647 298 1683 manu
310 1633 393 1682 miseri
400 1636 526 1695 jactabant
536 1634 611 1684 inrita
620 1635 720 1695 Teucri.

150 1723 263 1784 siurim,
275 1723 301 1771 in
312 1723 429 1786 precipiti
441 1730 557 1784 stantem,
569 1725 719 1787 summisque
730 1726 776 1774 sub
786 1732 854 1775 astra

155 1812 273 1862 Eductam
285 1813 366 1872 tectis,
379 1811 442 1862 unde
454 1813 535 1861 omnis
548 1814 625 1873 Troia
635 1813 722 1874 videri,

155 1902 187 1949 Et
199 1904 309 1951 Danaum
322 1901 400 1950 solita
411 1915 495 1961 naves,
507 1909 533 1950 et
543 1902 637 1950 Achaia
647 1911 739 1963 casua,

154 1991 267 2052 Adgressi
279 1991 344 2040 ferro
356 1991 459 2050 circum,
471 2003 519 2052 qua
531 2003 628 2040 summa
639 1991 743 2041 labantis

153 2081 285 2129 Juucturas
296 2080 405 2130 tabulata
416 2080 515 2152 dabant,
528 2080 694 2128 convellimus
706 2080 762 2128 altis

155 2169 268 2230 Sedibus,
281 2170 480 2232 inpulimusque;
498 2170 535 2216 Ea
546 2169 624 2231 lapsa,
637 2175 737 2230 repente
748 2166 846 2216 ruinam

156 2259 219 2308 Cum
231 2258 315 2308 sonitu
326 2258 412 2317 trahit,
424 2266 449 2307 ct
462 2259 573 2306 Danaum
587 2270 659 2319 super
671 2254 769 2316 agmina
784 2256 832 2304 late

154 2347 252 2397 incidit.
285 2348 331 2396 Ast
344 2347 385 2395 alii
397 2347 502 2396 subeunt
513 2365 518 2393 ι
537 2347 560 2394 N
562 2359 590 2394 ee
600 2357 670 2403 saxa,
683 2356 728 2390 nec
737 2343 816 2391 ullum
865 2385 868 2389 .

153 2439 272 2487 Telorum
283 2438 376 2486 interea
387 2445 465 2486 cessat
475 2449 560 2497 genus.

151 2527 305 2577 Vestibulum
315 2534 370 2575 ante
382 2525 462 2589 ipsum
474 2525 603 2587 primoque
612 2523 638 2571 in
649 2521 737 2570 limine
749 2520 857 2583 Pyrrhus

151 2619 276 2677 Exsultat,
289 2616 344 2666 telis
354 2627 379 2664 et
390 2617 445 2665 luce
457 2627 572 2664 coruscus
584 2626 656 2661 aena.

154 2708 251 2767 Qualis,
264 2707 305 2755 ubi
317 2706 342 2754 in
354 2707 434 2754 lucem
442 2705 542 2753 coluber
554 2703 619 2751 mala
628 2700 741 2763 gramina
752 2707 845 2762 pastris,

154 2795 250 2859 Frigida
261 2797 306 2845 sub
319 2804 385 2846 terra
396 2794 517 2844 tumidum
528 2808 600 2855 quem
610 2794 700 2840 bruma
709 2792 823 2851 tegebat,
839 2788 842 2794 '

152 2889 226 2937 Nunc
236 2885 320 2950 positis
332 2898 409 2934 novus
419 2883 512 2932 exuviis
524 2881 664 2941 nitidusque
673 2881 785 2940 juventa,

153 2975 256 3025 Lubrica
267 2974 391 3024 convolvit
402 2973 498 3021 sublato
510 2979 607 3035 pectore
617 2976 686 3028 terga

153 3063 252 3112 Arduus
264 3063 294 3112 ad
305 3064 394 3121 solem,
407 3070 431 3110 et
441 3059 531 3120 linguis
543 3058 619 3108 micet
628 3070 673 3105 ore
684 3054 803 3104 trisulcis.

157 3153 212 3202 Una
223 3152 307 3213 ingens
319 3151 446 3214 Periphas,
455 3157 479 3198 et
491 3135 610 3210 equorum
623 3145 727 3208 agimtor
739 3136 843 3194 Achillis

385 3246 389 3252 ·
551 3252 571 3285 n
