2334 3734
418 514 572 587 nuurnos
590 517 652 567 urs.
667 517 700 567 x.
898 520 945 566 ros

169 642 283 707 Prorupit
290 642 397 707 iuvenis,
408 656 507 706 seseque
518 642 643 693 inmiscuit
653 642 745 708 urmis3

166 733 182 781 J
184 744 271 799 nmque
281 730 430 793 adsurgentis
440 731 526 781 dextre
535 732 678 795 plagamque
688 732 787 781 {ments

168 821 251 869 AEneae
261 819 335 869 sublit
346 805 497 880 mucronem,
510 819 636 882 ipsumque
647 818 766 879 morando

168 906 288 957 Sustinuit
297 926 305 969 3
323 906 382 955 sccii
393 922 481 969 magno
491 909 598 957 clamore
608 916 757 969 sequuntur:

145 990 147 996 '
169 996 234 1043 Dum
245 996 339 1056 genitor
350 996 400 1045 nati
412 1010 495 1060 pnqma
505 1003 627 1060 protectus
641 995 735 1057 abiret3

167 1083 275 1145 Telaque
284 1085 426 1145 conficiunt,
439 1086 628 1147 proturbantque
639 1083 734 1133 eminus
745 1083 841 1132 hostem

169 1170 311 1220 Missilibus.
344 1172 414 1220 Furit
424 1174 524 1232 AEneas‚
535 1179 661 1232 tectusque
672 1178 739 1221 tenet
749 1185 784 1220 se.

170 1261 205 1308 Ac
216 1260 291 1321 velut,
303 1260 378 1311 effusa
388 1261 409 1309 si
421 1261 517 1322 qnando
527 1260 644 1322 grandine
654 1259 731 1309 nimbi
765 1306 767 1309 ,

171 1348 335 1412 Praecipitant,
346 1349 426 1399 curnis
438 1349 527 1415 campis
539 1347 634 1410 diffugit
644 1354 737 1407 arator,

170 1436 258 1486 Omnis
268 1444 293 1485 et
304 1437 422 1499 agricolu3
440 1444 465 1485 et
475 1444 528 1486 tuta
535 1438 595 1485 latet
605 1449 660 1486 nrcc
668 1422 759 1494 riatur,

170 1526 220 1573 Aut
231 1524 309 1573 amnis
321 1524 391 1587 ripis,
402 1532 444 1573 aut
451 1524 494 1574 alti
506 1524 600 1575 fornice
611 1523 675 1584 suxi,

171 1616 236 1663 Dum
246 1613 309 1678 pluit
318 1613 343 1663 in
354 1614 442 1673 terrisq
461 1621 487 1663 ut
498 1613 602 1677 possint,
613 1613 665 1662 sole
676 1611 785 1671 reducto,

152 1702 160 1711 “
170 1703 288 1751 Exeruere
299 1701 377 1750 diem:
395 1700 436 1750 Sic
447 1700 548 1748 obrutus
557 1700 664 1761 umdiqne
675 1700 732 1749 telis

172 1790 261 1839 AEneas
273 1791 361 1839 nubem
373 1788 443 1849 belli,
455 1788 514 1837 dum
524 1787 633 1849 detonet,
645 1801 744 1837 omnem

171 1880 288 1940 Sustinet,
300 1886 325 1929 et
336 1881 441 1929 Lausum
452 1877 589 1941 increpitat,
600 1878 727 1939 Lausoque
735 1875 858 1926 minatur.

173 1969 227 2022 Quo
238 1968 355 2017 morione
366 1967 428 2028 ruis,
438 1968 576 2028 majoraque
587 1964 678 2014 viribus
688 1965 779 2014 audes?

174 2056 248 2105 Fallit
258 2064 283 2104 te
294 2055 417 2104 incautum
429 2054 504 2117 pietas
514 2062 564 2103 tun.
598 2055 651 2103 Nec
663 2053 745 2101 minus
756 2052 799 2100 ille

173 2145 287 2194 Exsultat
297 2142 396 2191 demens
406 2162 414 2202 3
431 2156 499 2191 saevae
509 2144 608 2202 jamque
619 2141 692 2189 altius
703 2140 747 2188 iroe

175 2231 298 2280 Dardanio
310 2235 412 2289 smqnm
423 2227 527 2287 ductori,
540 2234 695 2287 extremaque
706 2228 785 2275 Lauso

115 2358 119 2367 .
175 2319 255 2367 Parcoe
266 2318 309 2367 tila
318 2318 401 2378 legunt
412 2334 417 2364 ι
435 2314 541 2363 validum
552 2326 657 2375 namque
667 2312 742 2375 exigit
752 2326 835 2361 ensem

174 2408 220 2455 Per
231 2404 338 2456 medium
346 2404 436 2453 AEnees
447 2404 570 2463 juvenem,
581 2408 709 2462 totumque
720 2399 847 2460 recondit;
896 2420 899 2427 ·

174 2493 283 2544 Transiit
292 2500 318 2542 et
329 2504 437 2556 parmam
450 2504 545 2550 mucro,
557 2487 620 2537 levia
631 2500 700 2535 urmo
709 2485 821 2546 minacis,

177 2583 209 2631 lit
219 2582 337 2642 tunicam,
349 2578 419 2628 molli
429 2584 507 2627 mater
518 2590 591 2639 quam
601 2582 700 2625 neverot
710 2588 770 2623 auro
780 2593 789 2635 3

178 2670 326 2733 lnplevitqne
338 2670 420 2719 sinum
431 2666 543 2728 sangnis:
562 2672 615 2715 tum
627 2665 675 2715 ritu
685 2678 727 2727 per
740 2676 812 2713 aures

177 2758 302 2807 Conoessit
310 2765 393 2807 musta
402 2757 433 2804 ad
443 2754 535 2814 Manis,
547 2766 682 2817 corpusque
693 2751 802 2813 reliquit

176 2846 210 2894 At
220 2859 277 2894 vcro
288 2852 316 2893 ut
327 2846 420 2894 voltum
430 2844 490 2893 vidit
501 2842 629 2893 morientis
642 2848 667 2890 et
677 2853 731 2901 ora,

179 2934 230 2983 Ora
241 2932 319 2981 modis
330 2931 487 2981 Anchisiades
499 2929 617 2994 pallentia
627 2928 711 2978 miris:

180 3018 301 3083 Ingemuit
311 3020 427 3069 miserum
438 3019 551 3081 graviter,
563 3018 722 3077 dextramque
731 3013 849 3075 tetendit3

182 3110 215 3157 Et
226 3114 330 3157 mortem
342 3105 426 3169 patris
440 3105 539 3157 strinxit
549 3105 646 3169 pietctis
656 3104 745 3166 imago.
