2334 3734
417 491 575 542 AEuurnos
592 493 656 544 rur.
673 495 693 542 r.
759 467 766 474 ’
913 494 956 544 rar

155 625 210 688 Ipse
222 621 330 684 ignotus,
341 635 425 682 egeus,
437 620 516 684 oiuyae
528 621 625 673 desem
635 635 748 686 peragro,

157 714 257 775 Europa
268 719 340 774 atque
351 710 410 764 Arra
420 711 513 773 pluteus
547 713 600 760 Nec
610 713 682 775 plena
691 718 834 775 querentem

157 803 233 850 Passa
240 802 323 849 Venus
335 801 416 852 medio
426 801 462 852 sic
474 801 590 854 interfata
600 802 686 853 dolore
696 810 735 852 est
745 823 751 852 z

190 889 306 952 Quisquis
317 904 354 951 es,
365 890 441 950 haud,
454 890 538 951 credo,
551 889 643 941 invisus
654 892 794 945 ooelestibns
806 906 878 945 tuas

157 980 249 1028 Vitales
258 980 347 1044 carpis,
359 981 459 1044 'syriam
470 981 512 1043 qui
523 980 648 1031 adveneris
658 983 753 1032 urbem.

158 1071 234 1132 Perge
245 1070 330 1130 modo,
341 1078 414 1132 etque
422 1071 480 1119 hino
490 1078 515 1120 te
526 1071 616 1134 regine
627 1073 753 1125 adlimiua
763 1073 850 1137 perfer.

91 1197 94 1201 .
159 1161 271 1222 Namque
282 1159 327 1208 tibi
335 1159 435 1210 reduces
445 1161 526 1210 socios
535 1162 686 1224 classemque
696 1163 799 1214 renum

160 1249 266 1310 Nuntio,
277 1257 302 1298 et
313 1250 339 1298 in
350 1257 431 1300 tutum
442 1251 517 1300 versis
529 1251 685 1312 aquilonibus
696 1259 790 1302 actem:

159 1337 193 1386 Ni
201 1338 294 1387 frustra
304 1338 432 1399 augruium
443 1339 500 1388 vani
510 1339 614 1388 docuere
624 1347 745 1402 parentes.

159 1427 264 1490 Adspice
275 1427 313 1476 bis
328 1441 400 1478 sonos
411 1429 517 1478 latentis
529 1429 625 1490 agmine
636 1443 736 1492 cycnos,

159 1517 271 1566 AErheria
282 1532 342 1580 quos
353 1519 420 1582 lapsa
430 1519 502 1581 plaga
511 1519 581 1568 doris
591 1520 641 1568 ulos
652 1526 738 1582 aperto

160 1607 286 1656 aurbabst
297 1607 360 1656 coelo
371 1627 379 1669 3
397 1621 461 1656 nunc
472 1614 550 1658 terras
561 1607 647 1658 ordine
658 1609 732 1670 longo

161 1698 213 1746 Aut
223 1711 318 1760 capere,
329 1705 372 1748 aut
381 1705 462 1760 captas
471 1699 522 1758 jam
533 1697 672 1760 despectare
682 1697 801 1750 ridennrr.

163 1791 199 1838 Ut
209 1789 309 1838 reduces
320 1786 358 1836 illi
368 1764 458 1836 dudunt
469 1786 627 1837 stridentibus
638 1786 695 1848 alis,

161 1879 195 1927 Et
205 1886 270 1926 coetu
280 1877 378 1926 cinxere
387 1864 483 1938 polum,
495 1881 627 1937 cautusque
638 1874 740 1924 dedere:
760 1915 766 1933 ,

90 1961 95 1972 ’
166 1961 237 2012 Haud
249 1962 319 2010 aliter
330 1974 468 2025 puppesque
478 1967 527 2010 tuae
537 1947 662 2022 pubesque
670 1966 770 2010 morum

165 2053 215 2099 Aut
224 2057 323 2114 portum
335 2057 411 2112 oeuet,
424 2055 467 2098 aut
476 2049 551 2111 pleno
561 2047 627 2097 subit
632 2047 697 2096 ostia
707 2047 770 2096 velo.

165 2141 241 2202 Perge
252 2140 335 2200 modo,
347 2149 382 2200 et,
394 2153 442 2200 qua
452 2145 476 2188 te
487 2137 555 2188 ducit
565 2137 616 2197 ria,
626 2136 703 2198 dirr'qe
714 2150 831 2198 gressum.

198 2229 278 2291 Dixit,
285 2237 310 2278 et
320 2236 430 2280 avertens
443 2242 513 2278 rosea
523 2227 616 2276 cervice
626 2225 733 2286 tenurit,

166 2319 350 2382 Ambrosiasque
360 2333 436 2369 comae
448 2318 558 2370 diuinum
569 2316 659 2366 vertice
670 2315 771 2366 odorem

169 2409 311 2472 Spiuavere3
327 2407 400 2471 pedes
412 2408 485 2460 vestis
497 2406 601 2463 defluxit
610 2405 642 2455 ad
652 2405 735 2467 imos3

66 2549 69 2555 ,
115 2547 117 2556 ,
168 2497 201 2547 Et
210 2511 267 2548 vera
277 2496 372 2547 incessu
384 2496 463 2559 patrrit
473 2495 525 2546 dea.
559 2495 615 2556 Ille,
627 2493 784 2543 obimatrern

169 2587 300 2648 Adgnovit,
313 2586 357 2634 tali
368 2585 500 2648 fugientem
512 2590 549 2633 est
559 2597 619 2633 voce
629 2590 724 2633 secutus
735 2603 741 2631 ι

169 2674 234 2729 Quid
245 2682 330 2724 uatum
340 2674 423 2734 toties,
433 2673 539 2724 erudelis
550 2679 577 2722 tu
588 2686 694 2735 quoque,
706 2672 774 2722 falsis

173 2763 246 2812 Ludis
259 2764 423 2834 imaginibus?
442 2777 485 2814 our
497 2763 589 2812 dextrae
597 2764 699 2823 jungere
709 2762 820 2814 doraum

171 2854 228 2900 Nou
240 2852 322 2913 datur,
334 2867 361 2901 ac
372 2867 441 2902 veras
451 2852 534 2902 audire
544 2859 569 2900 et
580 2851 680 2927 reddere
690 2855 780 2902 voum?

169 2945 271 2994 Talibus
283 2945 387 3006 incuset,
400 2959 555 3006 gressumque
563 2944 595 2994 ad
605 2944 698 2994 moenia
707 2945 797 2995 tendit·

171 3036 205 3085 At
215 3037 297 3085 Venus
308 3036 412 3086 obscuro
424 3023 555 3096 mediantis
564 3048 621 3084 aere
631 3033 724 3096 sepsit,
814 3079 817 3083 ,

173 3125 206 3174 Et
217 3127 295 3176 multo
308 3126 403 3183 nebula
414 3124 507 3176 circum
518 3124 563 3174 dee
573 3122 638 3175 fudit
647 3121 738 3175 amices
750 3143 756 3171 ι
