2334 3734
373 563 529 613 AENEIDOS
547 564 609 612 1113.
626 566 683 613 xli.
884 571 932 617 469

132 694 207 755 idque
219 691 271 752 diu,
283 692 341 740 dum
350 698 417 752 terga
428 691 518 739 dabant
527 689 636 753 palantia
644 692 744 753 Teucri,

135 781 251 842 suffecit3
269 788 396 843 postquam
407 793 475 827 mma
486 779 525 827 dei
537 780 568 828 ad
577 780 697 828 Volcania
706 788 820 830 ventmn:

132 870 246 919 Mortalis
259 880 353 929 mnan,
365 868 455 929 glacies
467 882 512 917 ceu
523 867 611 928 futilis,
622 868 671 918 ictu

132 957 244 1006 Dissiluit
254 977 262 1019 ;
281 958 347 1005 fulva
358 956 515 1019 resplendent
525 955 646 1017 fragmina
656 970 738 1006 arena.

132 1046 197 1105 Ergo
208 1058 291 1093 amens
303 1045 397 1093 diversa
407 1046 464 1106 iuga
475 1043 535 1107 petit
546 1058 645 1106 aequora
654 1047 770 1109 'l‘urnus3

130 1133 163 1181 Et
175 1133 308 1192 conchae,
320 1132 376 1181 inde
386 1133 433 1180 huc
445 1132 551 1181 incertos
562 1132 663 1195 inplicat
673 1134 747 1182 orbis.

130 1219 244 1281 Undique
255 1220 321 1267 enim
333 1220 408 1268 densa
417 1220 507 1269 Teucri
517 1221 639 1269 inclusere
649 1235 742 1271 corona
752 1242 760 1285 ;

131 1311 211 1371 Atque
222 1308 280 1356 hinc
290 1316 357 1356 vasta
367 1310 446 1370 palus,
457 1309 516 1358 hinc
527 1311 604 1359 ardua
614 1312 707 1361 moenia
716 1312 825 1374 cingunt.

164 1399 216 1446 Nec
227 1396 308 1445 minus
320 1396 421 1457 AEnens,
432 1411 579 1465 quamquam
589 1400 685 1449 ardna
695 1401 782 1461 sagitta

135 1484 261 1534 interdum
270 1498 349 1546 genua
358 1484 495 1547 inpediunt,
507 1500 653 1549 cursumque
664 1496 787 1550 recusant,

133 1574 282 1636 Insequitur,
293 1573 429 1636 trepidique
438 1574 525 1635 pedem
536 1574 596 1637 pede
606 1574 713 1624 fervidus
724 1584 827 1649 urguet:

133 1664 258 1712 Inclusum
269 1662 344 1711 veluti
355 1661 376 1710 si
387 1662 484 1722 quando
494 1661 596 1710 flumine
608 1670 692 1712 nactus

134 1750 248 1809 Certum,
261 1758 302 1798 aut
312 1750 419 1812 puniceae
430 1756 526 1811 septum
537 1749 669 1798 louunidine
681 1764 777 1814 pennae,

133 1842 241 1890 Venator
252 1855 336 1900 cursu,
345 1839 412 1888 canis
424 1847 449 1887 et
459 1840 597 1900 latratibus,
609 1840 700 1902 instat3

135 1927 180 1974 llle
191 1934 282 1987 autem,
293 1927 388 1975 insidiis
400 1934 425 1975 et
435 1926 488 1989 ripa
498 1926 599 1975 territus
610 1928 669 1987 altat,
717 1940 720 1945 ’

134 2015 205 2063 Mille
216 2015 277 2076 fugit
287 2016 422 2077 refugitque
432 2016 499 2065 vias:
518 2023 543 2064 at
553 2016 647 2066 vividus
659 2017 753 2066 Umber

137 2105 220 2151 llaeret
231 2103 312 2162 hians,
322 2105 480 2164 iamiamque
491 2112 568 2164 tenet,
579 2104 712 2165 similisque
723 2104 815 2153 tenenti

136 2190 258 2254 lncrepuit
268 2191 350 2250 malis,
363 2206 492 2254 morsuque
504 2194 587 2241 elusus
597 2192 665 2241 inani
676 2200 720 2241 ost.
805 2199 807 2204 ’

134 2282 200 2330 'l'um
210 2291 268 2326 vero
279 2277 388 2325 exoritu
398 2281 490 2329 clamor
497 2302 509 2346 ι,
521 2281 627 2343 ripaque
638 2282 753 2341 lacusque

137 2367 289 2429 Responsant
299 2364 373 2424 circa,
384 2373 408 2413 et
419 2367 508 2415 coelnm
520 2376 589 2416 tonat
599 2382 672 2416 omne
683 2368 799 2417 tumultu.

136 2457 181 2503 llle
193 2454 267 2504 simul
277 2453 383 2513 frngiens,
395 2454 498 2501 Rutulos
510 2454 582 2501 simul
594 2457 705 2520 increpat
713 2453 805 2515 omnis,
877 2510 880 2515 ,

136 2544 243 2593 Nomine
254 2530 373 2603 quemque
383 2551 484 2597 vocans,
498 2526 631 2601 notitiaque
641 2541 755 2603 efflagitat
765 2531 856 2591 enseni.

138 2632 227 2679 AEneas
238 2636 342 2677 mortem
354 2633 451 2685 contra,
463 2638 615 2700 praeseusque
626 2628 732 2677 minatur

139 2718 258 2778 Exitium,
270 2718 291 2765 si
303 2716 430 2778 quisquam
442 2713 529 2774 adeat3
547 2720 669 2774 terretque
680 2716 817 2778 trementis,

139 2806 285 2855 Excisutum
295 2806 381 2852 urbem
394 2803 521 2861 minitans,
532 2809 557 2849 et
567 2801 662 2849 saucius
674 2803 755 2853 instat

139 2894 252 2955 Quinque
262 2892 328 2940 orbis
340 2894 440 2952 explent
450 2905 534 2950 cursu,
547 2887 696 2959 totidemque
707 2899 822 2941 retexunt

139 2984 191 3031 Huc
202 2981 269 3031 illuc.
302 2983 387 3042 Neque
399 2981 464 3043 eninr
476 2980 539 3028 levia
550 2987 592 3027 aut
603 2977 695 3027 ludicra
702 2986 817 3041 petuntur

138 3069 254 3118 Praemia:
273 3069 314 3117 sed
324 3068 403 3117 Turni
414 3068 443 3116 de
454 3069 504 3116 vita
513 3075 539 3116 et
550 3066 666 3128 sanguine
677 3074 779 3116 certant.

140 3157 212 3207 Forte
223 3171 289 3207 sacer
301 3159 384 3207 Fauno
396 3156 462 3205 foliis
474 3157 579 3204 oleaster
590 3154 681 3204 amaris
