2334 3734
433 555 591 608 AENEIDOS
609 558 671 607 alb.
689 560 731 608 lV.v
934 565 981 612 225

184 686 251 736 Idem
262 688 346 735 arnbar
357 686 424 735 ferro
436 687 518 749 dolor,
529 696 601 764 atque
614 687 697 739 eadem
709 690 781 751 hora,
793 689 897 740 mlierat.

179 777 229 826 llis
240 777 314 827 etiam
326 778 406 828 suuxi
418 778 541 842 manibus,
552 781 693 844 patriosque
703 781 787 830 vocavi

179 870 245 918 Voce
256 869 326 931 deor,
337 869 372 919 eie
382 877 407 919 te
418 879 447 921 ut
457 871 538 934 posita
548 872 654 921 crudelis
665 874 773 923 abessem
787 875 797 920 ?
828 923 831 930 f

177 958 316 1009 Exstinxrti
327 975 367 1010 me
377 968 460 1024 teque,
473 975 554 1023 soror,
565 943 744 1026 populumque,
757 971 885 1027 patresque

178 1048 304 1111 Sidonios,
315 1052 450 1113 urbemque
461 1059 538 1100 uram.
571 1054 634 1102 Date
645 1054 747 1102 volnera
756 1052 873 1117 lymphis,

178 1140 295 1201 Abluam,
307 1148 342 1202 et,
353 1149 477 1190 extremus
488 1142 509 1190 ei
520 1141 575 1204 quis
587 1157 659 1205 super
671 1143 761 1191 halitus
777 1150 853 1203 errat,

178 1228 230 1278 Ore
241 1230 329 1292 legam.
362 1229 403 1280 Sic
414 1234 464 1280 fata
474 1231 563 1293 gradus
573 1239 682 1282 evaserat
692 1233 766 1293 altor,

178 1319 399 1383 Semianimemque
410 1319 466 1371 sinu
477 1335 618 1384 germanam
630 1323 742 1386 amplexa
752 1322 848 1370 fovebat

179 1411 241 1458 Cum
253 1410 355 1472 gemitu,
367 1419 439 1474 utque
450 1419 517 1461 atros
526 1411 631 1462 siccabat
641 1421 707 1462 vente
718 1427 825 1464 cruores.

178 1500 234 1561 llln,
245 1501 324 1562 gravia
335 1503 420 1551 oculoe
431 1511 520 1552 conata
530 1502 659 1563 adtollere,
671 1517 757 1554 rursus

126 1654 131 1663 .
177 1592 273 1642 Deficit.
307 1593 414 1642 ludxum
426 1593 508 1643 stridit
518 1595 563 1643 aub
574 1601 672 1658 pectore
682 1593 778 1642 volnus.

176 1682 226 1730 Ter
237 1695 290 1731 ame
301 1682 421 1732 adtollens
432 1683 562 1746 cubitoque
572 1682 663 1732 adnixa
674 1681 776 1731 levavit:

172 1773 221 1820 l'er
232 1773 342 1822 revoluta
352 1780 408 1822 toro
419 1780 466 1834 eet,
478 1773 605 1836 oculisque
616 1773 753 1823 errantibus
765 1772 815 1820 alto

174 1863 291 1918 Qumeirit
301 1865 364 1913 coelo
372 1865 451 1913 lucem
455 1901 463 1926 ,
475 1864 640 1927 ingemuitque
652 1871 754 1928 reperta.

205 1954 270 2001 Tum
281 1954 350 2003 duno
361 1953 526 2018 omnipotens,
537 1955 639 2016 longum
652 1953 767 2003 miserata
778 1952 888 2002 dolorem

173 2039 330 2106 Difficilisque
341 2045 433 2106 obitus,
445 2045 505 2094 lrim
515 2045 613 2095 demisit
625 2045 741 2109 Olympo,

174 2134 235 2187 Qun
245 2134 379 2184 luctantem
390 2134 497 2183 animam
508 2148 633 2197 nexosque
644 2135 777 2184 resolveret
787 2141 862 2182 artus¹

173 2223 248 2281 Num,
260 2222 317 2284 quia
326 2237 371 2272 nee
381 2223 442 2283 fato,
455 2222 542 2271 merita
552 2237 597 2271 nec
609 2230 688 2271 morte
702 2221 805 2284 peribat,

175 2310 223 2360 Sed
233 2311 322 2361 misera
331 2320 388 2362 ante
399 2311 475 2372 diem,
486 2310 614 2373 subitoque
626 2310 729 2360 adcenm
740 2295 835 2370 lurore,

172 2401 288 2450 Nondum
299 2402 337 2451 illi
348 2403 437 2451 davum
450 2402 596 2466 Proserpina
606 2400 695 2450 vertice
705 2401 799 2450 crinem

171 2493 322 2554 Abstulerat,
334 2493 466 2556 Stygioque
475 2500 547 2556 eaput
557 2491 714 2541 damnaverat
725 2490 800 2540 Orco.

174 2582 239 2645 Ergo
251 2582 297 2631 Iris
309 2583 400 2632 croceis
412 2598 454 2646 per
465 2585 555 2632 ooelum
566 2581 662 2632 roscida
672 2581 767 2645 pennis,
790 2569 793 2582 ⁴

174 2670 246 2720 Mille
254 2672 355 2720 trahens
367 2672 446 2721 rarior
456 2673 557 2722 adverso
568 2672 736 2746 role'colores,

175 2761 288 2822 Derolat‚
299 2768 325 2809 et
335 2775 407 2824 supra
417 2769 490 2825 caput
500 2761 607 2810 adstitit:
626 2761 697 2809 Hune
708 2773 752 2822 ego
763 2758 815 2807 Diti

175 2849 277 2898 Saonrm
285 2851 355 2910 iussa
365 2851 429 2911 fero,
439 2858 511 2913 teque
521 2850 569 2899 irto
580 2863 682 2914 corpore
693 2849 769 2897 solvo.

175 2938 216 2989 Slc
227 2939 272 3001 ait,
283 2947 309 2989 et
319 2940 406 2989 dextra
415 2940 507 2989 crinem
516 2947 590 2989 secat
623 2936 711 2988 Omnis
722 2943 747 2985 et
757 2949 806 2986 una

177 3022 291 3088 Dilapeur
302 3026 379 3087 dulor,
391 3031 463 3088 atque
473 3022 499 3073 in
511 3032 595 3074 ventor
605 3023 656 3072 vita
666 3019 772 3070 redemit.

573 3308 589 3346 Q
