2334 3734
413 525 573 576 AENEIDOS
591 527 654 576 LIB.
671 529 714 577 lV.
925 533 973 590 223

170 657 230 704 liaee
239 669 342 719 precor3
359 655 424 715 hanc
434 671 518 706 vocem
528 665 664 708 extremam
676 673 731 708 cum
744 659 860 721 sanguine
871 661 957 710 fundo.

167 747 234 794 'lum
245 760 298 807 vos,
310 761 325 794 ο
336 745 415 809 Tyrii,
424 735 525 810 stirpem
536 755 562 797 et
571 762 648 809 genus
660 756 733 798 omne
746 750 856 799 luuuum

167 835 286 884 Exercete
297 834 360 897 odiis
369 855 377 898 ;
388 835 519 913 ¹cinerique
529 837 582 886 haec
593 838 683 888 mittite
694 847 778 888 nostro

164 927 277 975 Munera
311 927 402 976 Nullus
415 942 484 976 amor
495 928 604 991 populis,
617 943 661 978 nec
673 930 766 978 loedera
775 939 856 980 sunto.

168 1017 287 1065 Exoriare
299 1017 386 1080 aliquis
398 1018 490 1067 uostris
502 1033 534 1068 ex
545 1019 641 1068 ossibus
652 1020 730 1080 ultor,

168 1105 217 1159 Qui
228 1106 281 1154 face
292 1106 429 1156 Dardanios
439 1107 553 1170 ferroque
563 1122 665 1170 sequare
676 1109 788 1169 colonos,

116 1261 124 1268 ἢ
169 1197 252 1255 Nunc,
264 1195 336 1256 olim,
348 1211 500 1259 quocumque
511 1197 605 1246 dabunt
616 1211 642 1246 se
653 1205 763 1260 tempore
774 1197 845 1247 vires.

168 1285 252 1334 Litora
263 1286 376 1334 litoribus
387 1287 523 1347 contraria,·
534 1287 648 1335 fluctibus
662 1286 740 1334 undas

121 1430 124 1437 Ξ
168 1375 294 1438 lnprecor‚
306 1389 375 1424 arma
385 1376 475 1438 armis;
493 1384 602 1438 pugnent
613 1375 707 1439 ipsique
719 1383 875 1440 nepotesque.

201 1467 261 1513 Haec
272 1464 316 1525 ait,
329 1473 354 1514 et
363 1465 439 1528 partis
450 1465 561 1514 animum
572 1467 684 1514 versabat
692 1465 718 1514 in
730 1467 827 1529 omnis3

169 1555 274 1604 luvisam
284 1570 395 1618 quaerens
407 1571 481 1619 quam
495 1556 603 1620 primum
615 1558 759 1620 abrumpere
770 1559 859 1606 lucem.

167 1647 231 1693 'lum
243 1646 348 1695 breviter
360 1649 452 1695 Barcen
465 1647 586 1696 nutricem
599 1647 680 1696 adfata
692 1648 799 1711 Sychaei:

167 1736 280 1798 Namque
291 1750 362 1786 suam
372 1736 451 1801 patria
462 1737 563 1800 antiqua
574 1737 636 1787 cinis
648 1745 700 1788 ater
712 1739 830 1788 habebat:

166 1828 275 1887 Annam,
283 1840 341 1876 cara
351 1827 412 1874 mihi
423 1827 518 1889 nutrix,
530 1829 577 1878 huc
589 1829 648 1878 siste
660 1844 788 1892 sororem3

167 1915 222 1976 Dic,
234 1929 322 1978 corpus
333 1924 448 1978 properet
458 1917 549 1966 fluviali
561 1930 673 1982 spargere
684 1919 793 1984 lympha,

168 2005 201 2053 Et
210 2005 313 2068 pecudes
325 2020 407 2054 secum
418 2015 444 2055 et
454 2016 590 2057 monstrata
600 2009 697 2072 piacula
707 2009 789 2060 ducat.

168 2095 208 2144 Sic
219 2095 315 2159 veniat3
332 2103 407 2159 tuque
419 2095 472 2159 ipsa
482 2099 523 2160 pia
532 2106 586 2160 tege
598 2108 709 2162 tempora
721 2101 789 2149 vitta.

169 2187 243 2234 Sacra
254 2186 312 2234 Jovi
323 2185 417 2249 Stygio,
429 2201 482 2248 quae
494 2187 541 2236 rite
552 2188 650 2250 incepta
660 2189 753 2252 paravi,

166 2277 288 2324 Perficere
297 2284 335 2326 est
345 2277 453 2337 animus,
465 2277 587 2338 finemque
599 2277 715 2341 inponere
727 2278 810 2342 curis3
832 2332 841 2339 ,

167 2365 332 2428 Dardaniique
342 2381 429 2428 rogum
440 2366 525 2430 capitis
537 2367 678 2430 permittere
690 2367 804 2416 flammae.

168 2455 208 2504 Sic
219 2456 261 2505 ait.
295 2458 343 2505 Illa
352 2457 454 2520 gradum
466 2457 547 2506 studio
558 2459 680 2507 celerabat
691 2457 761 2506 anili.

166 2548 200 2594 At
210 2545 306 2609 trepida
316 2555 341 2596 et
351 2547 436 2609 coeptis
447 2547 587 2596 inmanibus
600 2549 674 2596 effera
684 2546 759 2607 Dido,

103 2661 107 2669 v
167 2636 330 2698 Sanguineam
341 2638 441 2686 volvens
453 2637 542 2697 aciem,
554 2637 703 2699 maculisque
715 2636 845 2686 trementis

167 2727 290 2776 Interfusa
300 2741 384 2788 genas,
395 2736 421 2776 et
431 2727 523 2791 pallida
533 2735 613 2776 morte
624 2727 716 2788 futura,

167 2816 288 2864 Interiora
298 2815 386 2866 domus
398 2817 519 2880 inrumpit
529 2816 627 2876 limina,
638 2823 663 2864 et
675 2816 738 2864 altos
830 2842 833 2847 ·

168 2905 316 2955 Conscendit
327 2907 459 2956 furibunda
469 2920 552 2968 rogos,
563 2905 694 2967 ensemque
706 2903 812 2953 recludit

165 2994 329 3056 Dardanium,
341 3009 391 3043 non
403 2996 448 3043 lios
459 2995 589 3057 quaesitum
601 3008 691 3042 munus
701 2993 728 3042 iu
741 3007 808 3042 usus.

162 3083 221 3144 llic,
229 3091 360 3146 postquam
372 3083 458 3132 Iliacas
469 3083 542 3132 vestis
553 3091 687 3145 notumque
698 3082 781 3131 cubile

166 3173 312 3238 Conspexit,
322 3175 433 3238 paullum
444 3173 551 3222 lacrimis
563 3181 589 3223 et
600 3181 681 3223 mente
694 3180 798 3235 morata,
