2334 3734
209 505 258 553 tto
432 504 461 551 Ρ.
477 504 617 553 VIRGILII
633 503 788 554 MARONIS

211 632 309 683 confixi
320 630 445 695 exspirant
454 631 555 681 animes.
590 633 648 682 Para
659 631 771 682 claudere
781 639 879 695 portam

211 724 263 772 Nee
274 721 345 771 sociis
356 720 450 785 aperire
459 720 535 782 mam,
547 734 592 769 neo
602 720 724 771 moenibus
736 720 826 773 audent

210 810 331 873 Adcipere
341 810 451 873 orantis3
468 810 595 874 oriturque
604 810 742 859 miserrima
750 810 828 861 cedes

212 899 392 949 Defendentum
403 898 477 949 arnus
489 900 579 960 aditus,
590 901 664 961 inque
674 914 743 951 mma
753 908 874 953 euenum.

212 988 323 1048 Exclusi,
334 994 389 1036 ante
400 988 483 1039 oeulos
495 988 714 1051 lacrimantemque
724 1003 770 1039 ora
779 996 918 1051 parentum,

211 1078 272 1125 Pars
283 1076 308 1125 in
319 1076 448 1140 praecipitis
460 1077 549 1137 fossas,
560 1084 663 1137 urgente
674 1077 755 1137 ruina,

211 1164 324 1215 Volvitur
334 1186 342 1228 3
359 1165 467 1213 inmissis
478 1178 535 1228 para
545 1178 609 1215 eteea
619 1173 645 1215 et
654 1166 751 1215 eoncita
760 1165 837 1217 frenis

212 1253 307 1303 Arietat
316 1253 341 1301 in
352 1261 434 1317 portas
446 1261 471 1303 et
479 1253 555 1303 duros
565 1254 644 1314 uiuite
653 1261 743 1317 poem.

213 1343 274 1406 Ipsae
285 1342 315 1391 de
328 1343 404 1393 muris
415 1356 511 1393 summo
522 1343 655 1392 certamine
665 1351 756 1393 memes

216 1431 350 1493 (Monstrat
358 1445 428 1479 amor
436 1444 508 1479 verus
519 1429 616 1494 patrie)
622 1466 631 1491 ,
638 1439 667 1481 nt
676 1431 758 1481 videre
768 1431 909 1492 Camillam,

210 1521 272 1569 Tela
282 1533 356 1569 manu
366 1520 465 1582 trepidae
473 1520 582 1582 iaciunt3
599 1534 627 1569 ao
638 1522 727 1569 robore
736 1521 801 1571 (iuro
837 1572 843 1589 x

211 1606 338 1670 stipitibus
350 1608 442 1659 ferrum
454 1610 601 1672 sudibusque
610 1610 738 1661 imitante
749 1610 842 1660 obustis

212 1695 361 1759 Pracipites,
372 1698 505 1761 primaeque
515 1700 579 1749 mori
589 1714 634 1762 pro
645 1700 767 1751 menibus
776 1699 871 1750 ardent.

244 1786 341 1834 Interea
350 1788 463 1837 Turum
474 1788 504 1838 in'
511 1788 578 1837 silvis
588 1788 736 1839 sevissimus
746 1788 823 1851 inplet

211 1872 329 1933 Nuntius,
340 1875 456 1933 etjuveni
468 1875 590 1935 ingentem
602 1876 650 1924 fert
660 1878 727 1925 Aooa
734 1877 885 1925 tumultum:

211 1962 309 2011 Deletas
320 1963 465 2011 Volscorum
476 1963 550 2023 aoies,
560 1964 676 2013 cecidisse
687 1965 827 2025 Camillam

210 2051 326 2111 ingruere
337 2048 444 2098 infensos
455 2052 545 2111 hostis,
556 2060 581 2101 et
591 2055 673 2103 Marte
683 2054 792 2105 mundo

211 2137 303 2187 Omnia
313 2137 480 2202 conripuisse3
497 2148 591 2191 metum
598 2144 650 2202 jam
660 2142 691 2191 ad
702 2143 794 2193 mannia
804 2144 873 2193 terri

210 2227 256 2276 Ille
266 2226 350 2277 furens
365 2228 401 2291 (et
411 2242 476 2277 seva
486 2229 555 2297 iovis
566 2229 602 2279 sie
613 2230 715 2279 numina
725 2230 840 2293 poscam)

210 2314 308 2364 Deserit
317 2317 428 2365 obsessos
440 2318 521 2377 oollis,
533 2332 636 2367 nemora
646 2332 732 2381 aspera
741 2319 840 2382 linquit.

209 2402 258 2451 an
268 2417 283 2452 e
293 2413 423 2467 conspecto
435 2405 538 2466 exierat,
551 2420 711 2468 campumque
720 2398 832 2457 tenebar

213 2493 276 2541 Cum
288 2504 357 2557 pater
367 2496 469 2554 AEneas‚
480 2496 556 2545 saltus
567 2495 690 2556 ingressus
700 2503 809 2558 apertos,

209 2582 391 2645 Exsuperatque
399 2584 497 2643 jugum,
508 2583 616 2644 silvaque
628 2584 709 2633 evadit
717 2598 800 2647 opaea.

209 2668 250 2718 Sic
260 2670 333 2717 ambo
344 2669 375 2717 ad
385 2684 469 2719 muros
481 2671 559 2732 rapidi
569 2679 671 2734 totoque
680 2651 794 2723 ¹feruntur

207 2758 323 2819 Agmine,
335 2772 379 2807 nec
390 2758 469 2820 longis
481 2760 545 2808 inter
557 2776 583 2810 se
591 2762 702 2823 passibus
713 2763 820 2823 absunt3

207 2850 244 2898 At
254 2848 328 2897 simul
338 2851 428 2899 AEneas
441 2850 556 2901 fumantis
568 2853 668 2914 pulvere
678 2865 777 2915 oampos

210 2937 340 2999 Prospexit
351 2940 432 3000 longe,
444 2941 622 3003 Laurentiaque
633 2940 730 3001 agmina
739 2939 816 3002 vidie

210 3026 243 3074 Et
252 3039 342 3075 sevum
353 3027 448 3077 AEnean
459 3029 573 3090 adgnovit
582 3032 682 3077 'lurum
692 3029 718 3077 in
729 3028 818 3088 mnis,

210 3111 398 3177 Adventumque
409 3116 499 3177 pedum
510 3116 630 3178 flatusque
639 3116 731 3165 audivit
740 3130 869 3178 equorum.
