2334 3734
210 521 259 569 360
435 519 462 565 Ρ.
479 515 616 565 vlssciull
633 514 786 563 MARouis

207 649 271 703 Quae
283 645 359 695 uiuit
366 646 441 707 dona,
453 645 560 708 hospitio
571 658 649 705 quum
655 644 769 703 jungeret
779 642 879 701 amens,

165 757 175 767 ·
209 735 337 798 Cedieus3
354 736 452 785 illesuo
465 735 572 784 moriens
581 734 623 783 dat
633 734 723 784 hebere
734 732 834 797 nepoti3

208 826 268 873 Post
278 833 383 873 mortem
393 825 458 873 bello
472 824 555 873 Rutuli
567 836 694 887 pugnaque
705 822 791 884 potiti3

208 914 267 961 lieo
278 914 351 975 rapit,
363 922 434 975 atque
444 913 553 962 humeris
564 912 727 985 nequidquam
738 912 841 961 fortibus
852 918 926 974 aptat

206 1002 272 1049 'lium
282 1002 375 1061 galeam
386 1001 493 1063 Messapi
503 1002 609 1049 habilem
620 1000 747 1063 cristisque
755 1000 867 1050 decoram

208 1088 299 1138 luduit
332 1090 461 1162 Excedunt
470 1089 565 1148 cestris,
577 1096 603 1137 et
613 1097 667 1138 tuta
676 1097 813 1151 capessunt.

240 1179 337 1227 interea
347 1179 466 1243 premissi
477 1178 569 1241 equites
579 1193 612 1227 ex
623 1179 682 1228 urbe
695 1178 792 1238 Latina,

208 1266 295 1315 Cetera
305 1253 363 1317 dum
374 1268 438 1329 legio
449 1267 541 1330 campis
552 1266 671 1315 instructu
682 1274 802 1326 moratur,
863 1318 868 1323 ,
931 1251 936 1257 ’

205 1356 286 1415 ibant,
298 1365 323 1406 et
330 1360 415 1406 'lurco
426 1357 489 1418 regis
500 1370 617 1420 responsa
627 1357 748 1415 terebant,

203 1445 362 1506 Turturum,
372 1446 460 1494 mutati
470 1460 567 1505 omnes,
578 1446 709 1495 Volscentc
720 1444 844 1506 magistro.
860 1447 863 1452 ’

203 1533 308 1594 Jamque
319 1533 514 1596 propinquabunt
524 1534 621 1594 castris,
631 1546 763 1595 murosque
774 1532 896 1595 subibant,
923 1528 927 1535 “

205 1623 268 1671 Cum
280 1624 365 1685 prootd
375 1623 421 1671 hos
432 1624 494 1673 laevo
505 1622 623 1672 flectentis
635 1622 713 1671 limite
723 1630 843 1683 cernunt3

203 1712 237 1759 Et
246 1712 315 1772 galea
326 1713 459 1774 Euryalum
469 1711 587 1760 sublustri
599 1710 676 1759 noctis
687 1710 712 1757 in
727 1710 814 1758 umbra

204 1800 314 1871 Prodidit
325 1799 497 1859 inmemorem,
508 1800 629 1862 radiisque
640 1797 855 1861 edversarefrdsit.

203 1888 275 1936 Haud
286 1895 377 1936 temere
389 1895 427 1937 est
435 1888 522 1935 risum
557 1888 702 1937 Conclamat
711 1889 741 1936 ab
752 1888 848 1949 agmine
856 1888 984 1937 Volsoens:
1008 1922 1013 1931 .

199 1979 278 2038 State,
289 1977 336 2025 riri
343 1996 352 2039 ς
369 1992 422 2039 quae
432 1991 518 2027 caussa
527 1978 593 2026 riae?
612 1978 683 2040 quive
693 1979 751 2028 estis
762 1979 787 2027 in
799 1977 894 2027 armiss

200 2068 285 2121 Qttore
295 2066 382 2115 tenetis
392 2065 458 2114 iter'?
477 2066 548 2115 Nihil
558 2066 596 2115 illi
607 2068 707 2117 tendere
715 2075 819 2130 contra;

197 2156 245 2205 Sed
255 2157 362 2205 celerare
372 2157 454 2217 iugum
464 2156 490 2203 in
501 2155 585 2216 silvas,
597 2162 621 2205 et
629 2155 703 2205 fidere
714 2155 790 2205 noeti.

197 2244 325 2305 Objieiunt
335 2245 428 2307 equites
439 2259 491 2294 sese
502 2245 533 2293 ad
543 2244 648 2293 divortia
659 2253 718 2293 nota

197 2334 261 2382 ilinc
273 2341 347 2395 atque
354 2334 422 2394 hinc,
433 2348 579 2396 omnemque
588 2333 681 2383 abitum
692 2333 792 2383 custode
801 2341 928 2384 coronant.

194 2422 261 2472 Silva
271 2421 329 2483 fuit,
340 2423 389 2471 late
398 2422 479 2471 dumis
488 2430 561 2484 atque
570 2422 626 2472 ilice
637 2422 705 2483 nigra

194 2511 311 2572 Horrida,
322 2525 395 2580 quam
407 2510 476 2558 densi
486 2512 629 2574 conplemnt
639 2510 745 2573 undique
755 2518 836 2561 sentes
845 2530 855 2575 ς

192 2600 257 2649 Rara
268 2613 311 2661 per
322 2599 430 2646 occultos
440 2598 536 2647 lucebat
546 2600 633 2651 semita
643 2600 721 2648 callis.

190 2688 324 2751 Euryalum
335 2687 441 2734 tencbrae
453 2700 578 2736 ramorum
590 2703 741 2752 onerosaque
751 2688 834 2752 praeda

191 2776 331 2838 Inpedient,
342 2761 453 2836 fallitque
463 2775 538 2824 timor
550 2777 648 2838 regione
658 2776 761 2827 sianum.

189 2862 264 2913 Nisus
275 2864 338 2913 abit:
352 2865 453 2925 jamque
463 2863 597 2927 inprudens
608 2874 718 2914 eraserat
728 2866 818 2927 hostis,

188 2953 269 3012 Atque
278 2953 364 3014 lacus3
381 2952 422 3014 qui
433 2961 489 3015 post
500 2955 567 3002 Albae
577 2954 608 3001 de
620 2954 720 3003 nomine
730 2954 789 3004 dicti

187 3040 293 3102 Albani3
310 3051 363 3089 tum
374 3055 418 3090 rex
429 3044 525 3091 stabula
533 3043 583 3091 alta
595 3042 695 3091 Latinus
704 3043 816 3091 habebat.

186 3131 222 3178 Ut
232 3129 310 3191 stetit,
320 3138 346 3179 et
357 3130 449 3180 frustra
458 3131 583 3182 mentem
593 3130 700 3194 respexit
709 3130 830 3181 amicum:
