2334 3734
191 561 238 609 182
428 560 455 607 P.
472 558 611 634 VlllGlLII
628 557 783 607 MARONIS

192 689 327 739 Crederet?
347 695 389 736 sut
399 702 471 750 quem
482 695 535 736 tum
546 695 613 736 vates
624 687 762 736 Cassandra
773 690 901 737 moveret?

192 778 312 828 Cedamus
325 778 428 839 Phoebo,
439 785 465 827 et
475 777 563 827 moniti
575 777 679 826 meliora
689 792 828 840 sequamur.

192 867 233 918 Sic
244 868 291 918 alt:
309 876 334 918 et
344 868 426 918 cuncti
436 867 502 918 dieto
513 883 627 932 paremus
637 877 745 918 ovantes.

192 960 262 1007 lianc
274 972 370 1020 quoque
381 958 515 1008 deserimus
526 956 619 1017 sedem,
631 958 761 1021 paucisque
768 957 860 1007 relictis

191 1049 252 1098 Vela
262 1048 358 1108 marus,
370 1056 511 1110 vastumque
521 1063 579 1098 cava
590 1050 660 1098 trabe
667 1049 788 1098 currimus
799 1063 891 1111 aequor.

226 1140 358 1202 Postquam
369 1139 446 1188 altrm
458 1145 559 1188 tenuere
570 1147 646 1200 rates,
657 1154 702 1188 nec
709 1142 761 1202 jam
772 1139 878 1202 amplius
885 1140 944 1188 ullae

192 1226 319 1291 Adparent
328 1235 410 1287 tenne,
422 1228 512 1276 ooelum
522 1227 631 1290 undique
641 1236 666 1278 et
676 1229 783 1291 undique
793 1236 895 1292 pontus:

191 1320 257 1368 lum
269 1317 330 1374 mihi
341 1319 459 1367 caeruleus
471 1332 544 1382 supra
554 1327 626 1380 eaput
636 1318 730 1367 adstitit
740 1319 829 1378 imber,

192 1409 297 1457 Noctem
309 1407 463 1470 hiememque
476 1407 574 1470 ferens;
591 1415 617 1456 et
626 1408 752 1457 inhorruit
762 1408 828 1457 unda
841 1407 957 1456 tenebris.

190 1496 315 1548 Continuo
326 1497 391 1546 venti
403 1499 504 1546 volvunt
515 1511 593 1557 mare,
605 1511 740 1559 magnaque
752 1506 856 1560 surgunt

191 1588 302 1649 AEquora
313 1606 321 1649 3
338 1585 441 1649 dispersi
448 1589 569 1647 iactamur
580 1586 674 1648 gurgite
683 1595 761 1636 vasto.

193 1677 319 1726 involvere
329 1675 394 1724 diem
405 1675 493 1735 nimbi,
505 1683 530 1725 et
541 1690 592 1724 nox
603 1675 705 1724 humida
715 1678 805 1724 ooelum

191 1765 300 1816 Abstulit
310 1786 318 1828 3
336 1765 487 1828 ingeminant
496 1765 604 1829 abruptis
616 1765 721 1815 nubibus
732 1767 808 1828 ignes.

167 1861 169 1866 '
191 1855 338 1905 Excutimur
348 1869 431 1915 cursu,
443 1862 468 1904 et
477 1855 546 1904 caecis
557 1869 668 1904 erramus
679 1857 705 1905 in
718 1857 799 1907 undis.

192 1946 247 2008 lpse
259 1944 323 1994 diem
334 1951 478 2004 noctemque
488 1951 561 2005 negat
571 1943 709 1993 disoernere
718 1946 799 2008 coelo;

192 2033 243 2082 Nec
255 2031 394 2082 meminisse
405 2031 449 2080 vise
461 2031 541 2080 media
551 2031 681 2081 Palinurus
694 2033 720 2082 in
730 2034 804 2084 unda

190 2122 247 2170 Tris
260 2122 320 2170 adeo
332 2121 438 2172 incertos
448 2135 513 2171 caeca
523 2121 626 2183 caligine
636 2123 702 2172 soles

191 2213 308 2262 Erramus
319 2214 404 2274 pelago
414 2233 423 2275 ;
440 2213 541 2263 totidem
551 2213 605 2263 sine
615 2213 695 2263 sidere
706 2222 799 2264 nonme.

191 2301 284 2354 Quarto
297 2307 362 2350 terra
372 2301 412 2350 die
422 2301 529 2364 primurn
541 2317 567 2351 se
578 2302 698 2351 adtollere
708 2302 806 2351 tandem

190 2388 259 2449 Visa,
270 2389 363 2453 aperire
375 2392 461 2453 procul
471 2391 573 2451 montis,
585 2405 613 2440 sc
624 2394 721 2441 volvere
731 2393 835 2441 firmum.

190 2479 251 2527 Vela
260 2479 365 2541 cadunt3
383 2479 457 2528 remis
468 2480 635 2543 insurgimus3
652 2481 718 2530 hand
728 2496 808 2542 mora,
820 2489 901 2530 nautae

188 2567 281 2618 Adnisi
291 2576 406 2630 torquent
416 2584 525 2632 spumas,
537 2578 562 2619 et
572 2571 664 2620 eoeruln
672 2578 782 2620 verrunt.

188 2659 316 2707 Servatum
328 2669 359 2706 ex
370 2657 443 2706 undis
454 2659 620 2721 Strophadum
631 2673 671 2708 me
681 2660 755 2708 litora
765 2660 873 2723 primum

188 2744 331 2810 Adcipiunt‚
343 2746 491 2810 Strophades
503 2747 578 2796 Graio
589 2756 656 2798 stant
667 2749 766 2798 nomine
779 2749 861 2811 dicu,

189 2836 279 2884 Insula
292 2835 361 2884 lonio
373 2835 398 2884 in
411 2849 514 2898 magno:
533 2852 593 2900 quas
603 2839 658 2887 dira
669 2839 779 2900 Celaeno,

189 2922 350 2986 Harpyiaeque
360 2923 445 2973 colunt
456 2925 521 2986 nliae,
533 2925 636 2974 Phineia
646 2933 776 2989 postquam

190 3011 279 3062 Clausa
289 3011 387 3074 domus,
400 3026 543 3076 mensasque
553 3021 621 3064 metu
632 3015 725 3077 liquere
735 3016 838 3080 priores.

186 3100 293 3150 'hirtius
303 3102 369 3151 haud
381 3103 430 3154 illis
442 3111 590 3164 monstrum,
601 3117 647 3153 nee
657 3106 744 3155 savior
754 3107 806 3155 ulla

188 3187 265 3238 Pestis
277 3197 302 3238 et
313 3189 350 3238 ira
360 3190 433 3240 mum
443 3191 531 3254 Stygiis
543 3205 597 3242 sese
606 3194 696 3244 extudit
707 3195 787 3244 undis.
