2334 3734
157 551 163 559 “
208 547 256 595 ’294
432 542 458 587 Ρ.
473 536 612 586 VIRGILII
629 536 781 586 MARONIS
845 611 848 616 .

214 676 343 729 Praeterea,
354 666 426 716 castis
438 667 519 715 adolet
530 666 589 714 dum
601 665 687 713 altaria
696 664 775 724 tedis,

212 763 248 811 Ut
254 762 326 820 juxta
336 755 471 818 genitorem
482 754 561 802 adstat
572 753 672 802 Lavinia
683 744 760 813 virgo,

212 850 271 898 Visa
286 844 374 910 (nefas)
390 844 470 905 longis
482 842 646 906 conprendere
657 840 765 889 crinibus
776 839 867 900 ignem,

211 938 291 999 Atque
302 948 400 982 omnem
411 943 524 980 ornatum
537 927 636 979 flamma
648 929 779 991 crepitante
789 927 902 985 cremari,

211 1022 355 1084 Regalisque
366 1021 469 1070 adcensa
479 1034 571 1079 comas,
584 1020 687 1067 adcensa
697 1033 824 1079 coronam,

212 1111 333 1171 Insignem
345 1110 462 1171 gemmis3
479 1117 532 1156 tum
543 1106 637 1155 fumida
647 1108 740 1155 lumine
751 1108 818 1155 fulvo

144 1229 154 1237 -
212 1199 315 1258 lumini,
327 1212 354 1246 ac
364 1198 423 1246 totis
433 1198 570 1261 Volcanum
581 1209 693 1257 spargere
704 1195 781 1243 tectis.

213 1287 242 1334 ld
252 1300 310 1335 vero
323 1276 473 1333 horrendum
485 1298 513 1331 ae
522 1284 576 1331 risu
588 1284 700 1331 mirabile
709 1283 781 1333 serriz
815 1298 820 1309 ¹

214 1376 326 1434 Namque
336 1375 389 1420 fore
399 1373 527 1420 inlustrem
539 1372 604 1418 fama
615 1371 717 1431 fatisque
727 1372 844 1419 canebant

213 1464 307 1525 ipsam3
325 1461 367 1509 sed
377 1462 467 1522 populo
478 1473 593 1519 magnum
606 1459 750 1521 portendere
761 1460 861 1507 bellum

212 1551 247 1598 At
257 1563 301 1597 rex
313 1549 431 1597 sollicitus
443 1532 569 1606 neustrii,
582 1548 681 1596 oracula
694 1548 780 1606 Fauni,

213 1636 314 1686 Fatidici
322 1636 452 1704 genitoris,
464 1635 524 1695 adit,
535 1636 650 1697 lucosque
662 1636 767 1683 subalta

212 1723 326 1774 Consulit
335 1724 461 1771 Albunea:
480 1737 608 1771 nemorum
619 1728 672 1785 qu'ae
683 1737 798 1772 maxuma
807 1737 876 1772 sacro
959 1702 983 1757 .'
1077 1784 1081 1793 ι

211 1813 288 1860 Fonte
300 1817 381 1870 sonat,
392 1825 526 1871 saevamque
537 1812 637 1861 exhalat
647 1826 722 1873 opaea
730 1812 864 1874 mephitim.

211 1894 276 1947 H'mc
288 1900 356 1947 ltaloe
367 1906 460 1958 perime,
471 1901 599 1962 omnisque
611 1901 729 1951 Oenotria
740 1903 823 1962 tellus,

209 1990 238 2035 ln
251 1986 329 2034 dubiis
341 1999 457 2048 responsa
466 1994 558 2048 petunt.
593 1991 647 2037 Huc
658 1989 723 2038 dona
732 1991 844 2039 sacerdos

209 2078 291 2130 Quum
301 2074 368 2134 tulit,
380 2082 404 2122 et
415 2089 532 2124 marum
544 2078 626 2127 orium
638 2081 683 2127 sub
694 2087 765 2129 noete
776 2078 857 2128 silenti

210 2163 316 2225 Pellibus
328 2163 441 2212 incubuit
452 2166 545 2227 enatis,
557 2182 703 2230 somnosque
712 2168 810 2231 petivit:

208 2252 289 2298 Multa
300 2247 378 2299 modis
389 2252 519 2301 simulacra
528 2255 594 2303 videt
603 2256 730 2303 volitantia
741 2256 819 2315 miris,

206 2340 239 2387 Et
249 2339 327 2387 varias
338 2321 405 2387 audit
414 2354 495 2396 voees,
508 2343 756 2405 fruiturque'deorum

192 2480 196 2488 ι
207 2426 356 2487 conloquio,
368 2436 439 2488 atque
449 2428 505 2476 imis
517 2431 656 2478 Acheronta
667 2430 761 2479 adfatur
771 2432 882 2485 Aversis.

206 2514 252 2561 Hic
264 2522 288 2562 et
298 2523 350 2563 tum
362 2524 429 2577 pater
439 2518 490 2579 ipse
501 2527 583 2579 petens
594 2534 711 2581 responsa
721 2519 820 2568 Latinus

206 2602 310 2650 centnm
323 2590 440 2663 lanigerae
453 2606 573 2653 macnus
582 2607 630 2654 rna
639 2606 753 2666 sisenes,

206 2689 285 2748 Atque
293 2689 381 2736 harum
392 2691 490 2737 ediiltus
500 2698 568 2752 tergo
579 2694 708 2755 stratisque
715 2696 809 2754 jacebat

204 2776 349 2823 Velleribus.
383 2777 469 2824 Subita
480 2793 511 2825 ex
523 2780 573 2827 alto
581 2794 630 2827 vox
642 2781 734 2829 reddita
746 2783 863 2841 luooest.

202 2864 240 2910 Ne
250 2870 305 2923 pete
314 2863 441 2911 oonnubiis
453 2873 534 2913 natam
549 2867 641 2915 sociare
654 2868 756 2929 Latinis,

204 2950 226 2997 0
239 2962 293 2997 men
303 2951 439 3013 progenies,
445 2954 559 3002 thalamis
571 2969 619 3003 neu
630 2956 701 3005 crede
711 2958 818 3021 paratis3

201 3039 305 3086 externi
315 3041 416 3090 veniunt
426 3044 518 3104 generi,
529 3044 572 3105 qui
581 3045 698 3106 sangiune
709 3054 820 3097 nostmm

199 3126 296 3173 Nomen
307 3126 333 3173 in
344 3135 409 3175 astra
420 3130 508 3189 imant,
521 3146 672 3194 quorumque
684 3135 713 3182 ab
724 3134 798 3195 stirpe
811 3142 910 3196 nepotes

226 3214 231 3243 Ι
