2334 3734
211 516 259 564 384
448 515 475 567 P.
492 514 629 567 vutfflffl
646 514 799 564 Muttonis
817 530 821 537 ·

215 644 290 703 Curius
300 641 402 691 olorinae
413 650 516 704 surgunt
526 643 556 693 de
568 643 657 692 vertice
667 657 768 706 pennae:

217 727 328 791 (CrImen
339 741 408 776 amor
419 734 536 788 vestrum,
547 728 681 789 formaeque
691 728 787 789 insigne
797 726 921 791 pateram.)

212 818 322 879 Namque
333 818 423 877 serunt,
436 818 503 866 luctu
515 819 622 881 Cycnum
635 818 887 878 praemoneantur,

214 906 331 969 Populeas
343 906 406 954 inter
416 906 510 955 frondis
519 908 678 968 umbramque
686 920 799 955 sororum

213 996 277 1045 Dum
288 995 362 1055 canit,
371 1003 396 1043 et
406 1003 516 1049 mestum
527 998 602 1045 Musa
612 997 706 1044 solatur
717 1009 836 1054 amorem,

214 1070 346 1133 canentem
358 1084 426 1134 mour
438 1085 628 1147 prumauuxme
639 1093 776 1146 nuceum

213 1174 371 1236 Linquentem
382 1182 470 1233 terras,
482 1182 507 1223 et
517 1174 596 1223 sidera
606 1189 665 1223 voce
675 1182 824 1236 sequentem.
916 1157 922 1163 ’

212 1263 299 1323 Filius,
311 1260 410 1326 ae'qualis
421 1264 549 1315 comitatus
560 1266 637 1313 classe
647 1272 764 1324 catervas,

212 1357 337 1416 lugentem
349 1355 422 1404 remis
434 1357 582 1404 Centaurum
594 1361 737 1415 promovet:
755 1353 798 1401 ille

212 1443 289 1492 instat
302 1458 380 1505 aquae,
393 1458 526 1504 saxumque
537 1442 609 1491 undis
618 1441 716 1494 inmane
727 1442 835 1491 minatur

211 1531 320 1593 Arduus,
332 1540 356 1580 et
366 1534 440 1593 longa
451 1533 528 1581 sulcat
539 1530 616 1579 maria
626 1532 676 1579 alta
687 1530 778 1579 carina.

245 1621 291 1669 ille
302 1620 375 1669 etiam
387 1619 470 1682 patriis
481 1634 565 1680 agmen
577 1620 625 1668 ciet
636 1619 720 1669 Ocnus
731 1621 762 1669 ab
773 1618 835 1679 oris,

213 1709 324 1758 Fatidice
337 1711 436 1758 Mantus
449 1718 473 1759 et
483 1710 558 1758 Tusci
569 1708 634 1758 filius
646 1709 737 1769 amnis,

213 1797 262 1851 Qui
273 1813 356 1847 muros
369 1798 500 1860 matrisque
510 1798 576 1849 dedit
587 1799 642 1859 tibi,
653 1801 767 1859 Manna,
776 1813 884 1861 nomen3

213 1886 325 1955 iiantua,
337 1885 402 1934 dives
414 1886 463 1934 aris
474 1905 479 1936 ι
497 1886 540 1934 sed
551 1901 601 1934 non
609 1901 685 1947 genos
695 1886 809 1935 omnibus
819 1900 913 1948 unum;

213 1973 279 2021 Gens
290 1972 328 2020 illi
338 1973 438 2035 triplex,
451 1973 534 2035 populi
545 1975 592 2022 sub
602 1982 673 2035 gente
683 1974 808 2036 quaterni:

212 2061 222 2108 1
226 2073 268 2122 psa
278 2068 351 2123 caput
361 2061 457 2124 populis
467 2081 472 2109 ε
489 2063 571 2113 tusco
580 2062 610 2111 de
620 2064 737 2125 sanguine
747 2064 828 2125 vireu

213 2148 276 2197 Hinc
286 2162 382 2211 quoque
393 2151 537 2213 quingentos
549 2151 574 2199 in
587 2167 613 2201 se
625 2152 761 2201 Mezentius
772 2159 861 2210 mmai,

212 2237 279 2290 Quos
290 2245 358 2299 patre
369 2241 466 2288 Benaco
476 2241 568 2289 velatus
580 2239 699 2288 arundine
710 2240 795 2300 glauca

212 2322 318 2374 Mincius
330 2327 419 2379 infesta
429 2310 531 2377 ducebat
543 2328 567 2377 in
576 2343 677 2395 ‚equora
688 2328 755 2391 pinu.

247 2415 269 2462 lt
279 2416 358 2477 gravis
369 2418 492 2478 Aulestes,
503 2425 652 2479 centenaque
662 2419 750 2466 arbore
761 2418 848 2466 ductus

211 2503 330 2552 Verberat
340 2504 470 2565 adsurgens
481 2525 487 2553 ι
505 2515 620 2568 spumant
629 2505 689 2555 vada
699 2518 821 2553 marmore
832 2518 910 2552 verso.

212 2592 283 2640 Hunc
291 2592 358 2640 vehit
367 2591 472 2641 inmanis
483 2594 570 2643 'ſtriton
580 2604 605 2643 et
615 2595 703 2643 cerula
713 2594 807 2644 conche

211 2680 344 2729 Exterrcns
356 2681 429 2729 freta:
447 2682 486 2730 cui
498 2683 603 2731 laterum
613 2691 684 2732 tenus
696 2682 792 2746 hispida
802 2682 871 2732 nauti

211 2769 288 2817 Frons
299 2768 425 2819 hominem
436 2770 543 2832 prefert,
554 2772 580 2820 in
593 2771 680 2833 pristin
691 2771 782 2820 dminit
794 2771 879 2830 alnn3

210 2856 316 2918 Spumea
326 2857 441 2907 semifero
454 2860 498 2907 sub
509 2867 606 2922 pectore
617 2868 755 2912 murmurat
765 2857 838 2907 undu.

210 2945 259 2993 Tot
269 2944 326 2999 lecti
337 2960 449 3007 proceres
457 2956 495 2998 ter
506 2948 574 2997 denis
586 2947 687 2997 navibus
698 2948 766 2997 ibant

208 3033 322 3083 Subsidio
331 3036 423 3096 TroJae,
435 3044 460 3085 et
469 3050 566 3098 campos
578 3036 637 3085 salis
648 3051 696 3085 aere
707 3036 829 3085 secabant

241 3122 346 3183 tamque
353 3122 404 3177 dies
415 3126 478 3173 coelo
488 3130 656 3185 concesseram
673 3124 786 3184 almoque
795 3136 870 3172 curru
