2334 3734
201 546 248 596 ³74
421 548 448 594 Ρ.
465 546 602 593 vluulull
619 543 772 594 MARONIS

199 674 395 734 Alcandrumque
406 672 553 734 uanumque
563 674 738 733 Noemonaque
750 671 936 735 Prytanimque3

202 764 297 825 Lyncea
307 762 446 810 tendentem
456 768 552 820 contra,
564 760 690 820 sociosque
701 766 837 820 vocantem,

201 851 313 900 Vrbrenti
325 850 405 911 gladio
414 848 535 897 connixus
546 851 577 897 eb
588 862 673 910 aggere
683 850 767 898 dexter
810 866 811 869 ¹

203 938 323 1001 Occupat:
341 936 397 985 huic
408 950 458 984 uno
469 936 588 996 dejectum
600 937 737 985 comminus
748 936 798 985 ictu

205 1028 268 1075 Cum
279 1026 429 1087 guleulonge
437 1025 513 1085 jacuit
523 1032 602 1087 ceput.
637 1025 695 1073 lude
706 1024 814 1075 seruum

202 1115 355 1163 Vastutorem
367 1116 495 1177 Amycum,
512 1110 561 1174 quo
571 1128 622 1162 non
634 1114 728 1161 felicior
739 1114 803 1162 ulter-

204 1203 320 1263 Unguere
330 1204 380 1250 tela
390 1216 475 1261 manu,
486 1202 627 1263 ferrumque
636 1216 731 1250 armare
742 1216 834 1251 renutu
845 1221 854 1263 ;

203 1290 236 1338 Et
247 1290 354 1353 Clytium
364 1290 488 1350 AEoliden‚
500 1299 526 1339 et
536 1292 643 1339 amicum
656 1292 760 1340 Cretheu
771 1292 864 1353 Musls;

205 1378 311 1425 Crethea
320 1380 448 1426 Musarum
458 1378 583 1439 comitem,
595 1380 635 1427 cui
645 1380 755 1453 carmina
766 1394 861 1443 semper

93 1465 100 1471 ’
203 1465 236 1520 Et
247 1465 346 1529 cithare
356 1466 435 1527 cordi,
448 1480 610 1528 numerosque
619 1462 746 1515 intendere
757 1465 836 1514 nervis
848 1486 856 1527 3

198 1559 304 1620 ,Semper
315 1572 401 1620 equos,
411 1565 483 1619 atque
492 1570 561 1604 arma
570 1556 660 1615 virum,
673 1568 811 1619 pugnasque
820 1559 924 1607 eenebut

236 1647 345 1695 'landem
356 1646 480 1705 ductura,
490 1646 574 1694 audita
584 1644 650 1693 crede
664 1658 775 1707 suorum,

206 1736 359 1785 Conveniunt
367 1735 468 1795 Teucri,
478 1735 621 1783 Mnestheus
631 1748 733 1796 acerque
744 1737 854 1785 Serestus
865 1758 873 1799 ;

206 1824 360 1886 Palantisque
373 1823 455 1872 rident
465 1824 554 1882 socios,
565 1824 708 1885 hostemque
719 1832 851 1886 recepurm.

203 1914 237 1960 Et
248 1912 404 1962 Mnestheus:
424 1913 480 1965 Quo
490 1910 577 1960 deinde
587 1912 681 1973 iugum,
693 1926 741 1975 qno
752 1912 870 1963 tenditis?
890 1914 975 1984 inqrut.

207 2001 275 2053 Quos
286 1998 346 2047 ahos
357 2012 452 2058 muros,
463 2014 517 2059 que
525 2001 577 2059 jum
587 2000 655 2048 ultra
663 2002 755 2050 moeniu
765 2001 876 2051 hebetis?

206 2089 277 2138 Unus
288 2088 373 2147 homo,
384 2094 409 2135 et
419 2087 538 2149 vesuis‚o
548 2089 622 2150 cives,
635 2090 741 2151 undique
752 2098 841 2153 saeptus

206 2178 350 2239 Aggeribus,
359 2186 440 2227 mnus
451 2187 541 2240 strages
553 2179 644 2241 inpune
655 2194 697 2242 per
708 2180 793 2229 urbem

205 2266 334 2316 lididerit?
350 2270 469 2328 juvenum
479 2268 571 2331 primos
583 2276 621 2317 tot
633 2268 727 2318 miserit
737 2270 823 2319 Orco?

206 2356 263 2403 Non
275 2355 378 2405 infelicis
388 2358 483 2419 pauiu,
494 2365 650 2419 veterumque
665 2358 776 2418 deorum,

205 2443 238 2489 Et
250 2442 331 2504 magni
340 2444 424 2493 AEneae
431 2459 516 2506 segnes
528 2446 672 2507 miseretque
683 2447 802 2509 pudetque
813 2450 823 2495 ἓ

204 2530 305 2580 Talibus
316 2531 412 2580 aduensi
423 2533 561 2593 firmmrurr,
572 2542 598 2583 et
608 2534 703 2595 agmine
714 2536 788 2585 denso

208 2616 358 2665 Consistuut.
390 2620 488 2667 Turnus
496 2621 626 2688 'punilntim
637 2624 752 2685 exqedere
762 2636 852 2686 pugna,

207 2706 240 2753 Et
250 2705 351 2753 durium
359 2714 451 2769 petere,
463 2722 491 2756 sc
503 2718 607 2771 partem,
620 2727 672 2773 quae
684 2712 788 2773 cingitur
798 2713 874 2762 amni.

205 2792 292 2841 Acrius
302 2794 350 2843 hoe
360 2795 451 2844 'leucri
460 2797 568 2847 clamore
579 2799 721 2849 incumbere
732 2814 830 2863 magno,

193 2901 196 2904 ¹
206 2882 238 2929 Et
248 2882 384 2942 glomerare
394 2899 506 2936 manum:
525 2902 570 2937 eeu
580 2903 670 2939 saerum
680 2892 751 2939 turba
759 2892 856 2940 leonem

209 2970 272 3018 cnm
283 2971 337 3019 telis
347 2972 437 3034 premit
448 2972 568 3035 insensis3
586 2982 611 3023 at
622 2978 721 3027 territus
732 2979 785 3037 ille,

205 3057 293 3119 Asper,
303 3060 389 3106 scerbu
397 3066 480 3120 uteres,
490 3068 554 3108 retro
566 3061 645 3123 redit;
663 3069 688 3110 et
697 3077 777 3125 neque
788 3070 856 3124 term

125 3138 130 3145 '
143 3189 146 3197 ,
207 3144 248 3194 lm
258 3143 316 3192 dure
326 3150 369 3192 sut
376 3144 453 3195 virtus
463 3147 563 3209 petitur,
575 3162 620 3196 nee
631 3150 730 3200 tendere
739 3159 835 3211 contre,
