<?xml version="1.0" encoding="UTF-8"?>
<!DOCTYPE html PUBLIC "-//W3C//DTD XHTML 1.0 Transitional//EN"
    "http://www.w3.org/TR/xhtml1/DTD/xhtml1-transitional.dtd">
<html xmlns="http://www.w3.org/1999/xhtml" xml:lang="en" lang="en">
 <head>
  <title>
</title>
<meta http-equiv="Content-Type" content="text/html;charset=utf-8" />
  <meta name='ocr-system' content='tesseract 3.04.00' />
  <meta name='ocr-capabilities' content='ocr_page ocr_carea ocr_par ocr_line ocrx_word'/>
</head>
<body>
  <div class='ocr_page' id='page_1' title='image "./publiivirgiliim00heyngoog/publiivirgiliim00heyngoog_0076.png"; bbox 0 0 2334 3734; ppageno 0'>
   <div class='ocr_carea' id='block_1_1' title="bbox 225 504 800 556">
    <p class='ocr_par' dir='ltr' id='par_1_1' title="bbox 225 504 800 556">
     <span class='ocr_line' id='line_1_1' title="bbox 225 504 800 556; baseline 0 -2"><span class='ocrx_word' id='word_1_1' title='bbox 225 507 255 554; x_wconf 75' lang='lat'><strong>64</strong></span> <span class='ocrx_word' id='word_1_2' title='bbox 447 507 475 554; x_wconf 92' lang='grc' dir='ltr'><strong>Ρ.</strong></span> <span class='ocrx_word' id='word_1_3' title='bbox 491 505 629 556; x_wconf 80' lang='lat' dir='ltr'><strong>VIRGlLll</strong></span> <span class='ocrx_word' id='word_1_4' title='bbox 646 504 800 554; x_wconf 85' lang='lat' dir='ltr'>MARONIS</span> 
     </span>
    </p>
   </div>
   <div class='ocr_carea' id='block_1_2' title="bbox 172 633 949 3200">
    <p class='ocr_par' dir='ltr' id='par_1_2' title="bbox 172 633 873 1682">
     <span class='ocr_line' id='line_1_2' title="bbox 225 633 810 699; baseline -0.007 -14"><span class='ocrx_word' id='word_1_5' title='bbox 225 637 290 685; x_wconf 86' lang='lat' dir='ltr'><strong>Nam</strong></span> <span class='ocrx_word' id='word_1_6' title='bbox 300 649 364 699; x_wconf 84' lang='lat' dir='ltr'><strong>saepe</strong></span> <span class='ocrx_word' id='word_1_7' title='bbox 374 634 477 684; x_wconf 69' lang='lat' dir='ltr'><strong>meantis</strong></span> <span class='ocrx_word' id='word_1_8' title='bbox 488 635 625 698; x_wconf 78' lang='lat' dir='ltr'><strong>pastoribus</strong></span> <span class='ocrx_word' id='word_1_9' title='bbox 635 633 726 682; x_wconf 80' lang='lat' dir='ltr'><strong>excidit</strong></span> <span class='ocrx_word' id='word_1_10' title='bbox 736 633 810 695; x_wconf 85' lang='lat' dir='ltr'><strong>ignis,</strong></span> 
     </span>
     <span class='ocr_line' id='line_1_3' title="bbox 226 724 855 788; baseline -0.002 -14"><span class='ocrx_word' id='word_1_11' title='bbox 226 724 285 786; x_wconf 84' lang='lat' dir='ltr'><strong>Qui,</strong></span> <span class='ocrx_word' id='word_1_12' title='bbox 297 724 383 774; x_wconf 84' lang='lat' dir='ltr'><strong>furtim</strong></span> <span class='ocrx_word' id='word_1_13' title='bbox 393 725 477 788; x_wconf 89' lang='lat' dir='ltr'><strong>pingui</strong></span> <span class='ocrx_word' id='word_1_14' title='bbox 487 725 596 788; x_wconf 88' lang='lat' dir='ltr'><strong>primum</strong></span> <span class='ocrx_word' id='word_1_15' title='bbox 607 725 652 773; x_wconf 92' lang='lat' dir='ltr'><strong>sub</strong></span> <span class='ocrx_word' id='word_1_16' title='bbox 663 724 754 773; x_wconf 85' lang='lat' dir='ltr'><strong>cortice</strong></span> <span class='ocrx_word' id='word_1_17' title='bbox 765 731 855 784; x_wconf 84' lang='lat' dir='ltr'><strong>tectus,</strong></span> 
     </span>
     <span class='ocr_line' id='line_1_4' title="bbox 226 813 867 880; baseline -0.002 -14"><span class='ocrx_word' id='word_1_18' title='bbox 226 817 325 866; x_wconf 80' lang='lat' dir='ltr'><strong>Robora</strong></span> <span class='ocrx_word' id='word_1_19' title='bbox 334 817 488 880; x_wconf 73' lang='lat' dir='ltr'><strong>conprendit,</strong></span> <span class='ocrx_word' id='word_1_20' title='bbox 502 817 650 878; x_wconf 77' lang='lat' dir='ltr'><strong>frondesque</strong></span> <span class='ocrx_word' id='word_1_21' title='bbox 660 817 756 879; x_wconf 90' lang='lat' dir='ltr'><strong>elapsus</strong></span> <span class='ocrx_word' id='word_1_22' title='bbox 767 815 794 863; x_wconf 94' lang='lat' dir='ltr'><strong>in</strong></span> <span class='ocrx_word' id='word_1_23' title='bbox 806 813 867 865; x_wconf 80' lang='lat' dir='ltr'><strong>altas</strong></span> 
     </span>
     <span class='ocr_line' id='line_1_5' title="bbox 226 906 830 968; baseline 0 -14"><span class='ocrx_word' id='word_1_24' title='bbox 226 907 352 968; x_wconf 78' lang='lat' dir='ltr'><strong>Ingentem</strong></span> <span class='ocrx_word' id='word_1_25' title='bbox 363 907 426 955; x_wconf 92' lang='lat' dir='ltr'><strong>coelo</strong></span> <span class='ocrx_word' id='word_1_26' title='bbox 438 906 545 956; x_wconf 89' lang='lat' dir='ltr'><strong>sonitum</strong></span> <span class='ocrx_word' id='word_1_27' title='bbox 557 906 634 967; x_wconf 84' lang='lat' dir='ltr'><strong>dedit,</strong></span> <span class='ocrx_word' id='word_1_28' title='bbox 645 906 830 968; x_wconf 87' lang='lat' dir='ltr'><strong>indesequutus</strong></span> 
     </span>
     <span class='ocr_line' id='line_1_6' title="bbox 226 996 857 1059; baseline 0 -15"><span class='ocrx_word' id='word_1_29' title='bbox 226 997 272 1044; x_wconf 90' lang='lat' dir='ltr'><strong>Per</strong></span> <span class='ocrx_word' id='word_1_30' title='bbox 285 1009 365 1045; x_wconf 89' lang='lat' dir='ltr'><strong>ramos</strong></span> <span class='ocrx_word' id='word_1_31' title='bbox 376 997 453 1044; x_wconf 87' lang='lat' dir='ltr'><strong>victor</strong></span> <span class='ocrx_word' id='word_1_32' title='bbox 464 1010 553 1059; x_wconf 88' lang='lat' dir='ltr'><strong>perque</strong></span> <span class='ocrx_word' id='word_1_33' title='bbox 564 997 615 1044; x_wconf 83' lang='lat' dir='ltr'><strong>alta</strong></span> <span class='ocrx_word' id='word_1_34' title='bbox 625 996 753 1044; x_wconf 81' lang='lat' dir='ltr'><strong>cacumina</strong></span> <span class='ocrx_word' id='word_1_35' title='bbox 762 1002 857 1057; x_wconf 86' lang='lat' dir='ltr'><strong>regnat,</strong></span> 
     </span>
     <span class='ocr_line' id='line_1_7' title="bbox 225 1084 873 1145; baseline 0 -12"><span class='ocrx_word' id='word_1_36' title='bbox 225 1085 257 1133; x_wconf 89' lang='lat' dir='ltr'><strong>Et</strong></span> <span class='ocrx_word' id='word_1_37' title='bbox 268 1093 348 1134; x_wconf 86' lang='lat' dir='ltr'><strong>toturn</strong></span> <span class='ocrx_word' id='word_1_38' title='bbox 359 1085 460 1134; x_wconf 89' lang='lat' dir='ltr'><strong>involvit</strong></span> <span class='ocrx_word' id='word_1_39' title='bbox 470 1085 574 1134; x_wconf 85' lang='lat' dir='ltr'><strong>dammis</strong></span> <span class='ocrx_word' id='word_1_40' title='bbox 587 1099 684 1145; x_wconf 90' lang='lat' dir='ltr'><strong>nemus,</strong></span> <span class='ocrx_word' id='word_1_41' title='bbox 697 1092 722 1133; x_wconf 88' lang='lat' dir='ltr'><strong>et</strong></span> <span class='ocrx_word' id='word_1_42' title='bbox 733 1084 784 1133; x_wconf 89' lang='lat' dir='ltr'><strong>ruit</strong></span> <span class='ocrx_word' id='word_1_43' title='bbox 795 1092 873 1134; x_wconf 86' lang='lat' dir='ltr'><strong>atram</strong></span> 
     </span>
     <span class='ocr_line' id='line_1_8' title="bbox 224 1173 779 1239; baseline -0.002 -16"><span class='ocrx_word' id='word_1_44' title='bbox 224 1173 263 1224; x_wconf 90' lang='lat' dir='ltr'><strong>Ad</strong></span> <span class='ocrx_word' id='word_1_45' title='bbox 274 1175 364 1224; x_wconf 86' lang='lat' dir='ltr'><strong>coelum</strong></span> <span class='ocrx_word' id='word_1_46' title='bbox 375 1175 442 1239; x_wconf 87' lang='lat' dir='ltr'><strong>picea</strong></span> <span class='ocrx_word' id='word_1_47' title='bbox 453 1189 548 1226; x_wconf 88' lang='lat' dir='ltr'><strong>crassus</strong></span> <span class='ocrx_word' id='word_1_48' title='bbox 560 1174 663 1236; x_wconf 88' lang='lat' dir='ltr'><strong>caligine</strong></span> <span class='ocrx_word' id='word_1_49' title='bbox 675 1175 779 1222; x_wconf 87' lang='lat' dir='ltr'><strong>nubem:</strong></span> 
     </span>
     <span class='ocr_line' id='line_1_9' title="bbox 225 1262 742 1327; baseline 0.004 -17"><span class='ocrx_word' id='word_1_50' title='bbox 225 1263 363 1312; x_wconf 83' lang='lat' dir='ltr'><strong>Praesertim</strong></span> <span class='ocrx_word' id='word_1_51' title='bbox 376 1264 397 1312; x_wconf 90' lang='lat' dir='ltr'><strong>si</strong></span> <span class='ocrx_word' id='word_1_52' title='bbox 408 1271 538 1327; x_wconf 87' lang='lat' dir='ltr'><strong>tempestas</strong></span> <span class='ocrx_word' id='word_1_53' title='bbox 550 1277 564 1311; x_wconf 87' lang='lat' dir='ltr'><strong>a</strong></span> <span class='ocrx_word' id='word_1_54' title='bbox 574 1263 664 1311; x_wconf 86' lang='lat' dir='ltr'><strong>vertice</strong></span> <span class='ocrx_word' id='word_1_55' title='bbox 674 1262 742 1312; x_wconf 83' lang='lat' dir='ltr'><strong>silvis</strong></span> 
     </span>
     <span class='ocr_line' id='line_1_10' title="bbox 172 1337 849 1414; baseline -0.001 -14"><span class='ocrx_word' id='word_1_56' title='bbox 172 1337 177 1352; x_wconf 25' lang='grc' dir='ltr'><strong>Χ</strong></span> <span class='ocrx_word' id='word_1_57' title='bbox 226 1352 348 1412; x_wconf 87' lang='lat' dir='ltr'><strong>Incubuit,</strong></span> <span class='ocrx_word' id='word_1_58' title='bbox 360 1354 527 1414; x_wconf 76' lang='lat' dir='ltr'><strong>glomeratque</strong></span> <span class='ocrx_word' id='word_1_59' title='bbox 538 1353 619 1400; x_wconf 83' lang='lat' dir='ltr'><strong>ferens</strong></span> <span class='ocrx_word' id='word_1_60' title='bbox 631 1351 744 1400; x_wconf 88' lang='lat' dir='ltr'><strong>incendia</strong></span> <span class='ocrx_word' id='word_1_61' title='bbox 754 1357 849 1400; x_wconf 85' lang='lat' dir='ltr'><strong>ventus.</strong></span> 
     </span>
     <span class='ocr_line' id='line_1_11' title="bbox 225 1440 857 1505; baseline -0.003 -14"><span class='ocrx_word' id='word_1_62' title='bbox 225 1443 278 1491; x_wconf 91' lang='lat' dir='ltr'><strong>Hoc</strong></span> <span class='ocrx_word' id='word_1_63' title='bbox 289 1443 349 1504; x_wconf 73' lang='lat' dir='ltr'><strong>ubi;</strong></span> <span class='ocrx_word' id='word_1_64' title='bbox 367 1457 417 1491; x_wconf 92' lang='lat' dir='ltr'><strong>non</strong></span> <span class='ocrx_word' id='word_1_65' title='bbox 429 1457 444 1490; x_wconf 89' lang='lat' dir='ltr'><strong>a</strong></span> <span class='ocrx_word' id='word_1_66' title='bbox 454 1442 529 1505; x_wconf 81' lang='lat' dir='ltr'><strong>stirpe</strong></span> <span class='ocrx_word' id='word_1_67' title='bbox 539 1443 631 1501; x_wconf 86' lang='lat' dir='ltr'><strong>valent,</strong></span> <span class='ocrx_word' id='word_1_68' title='bbox 642 1455 758 1502; x_wconf 61' lang='lat' dir='ltr'><strong>eramque</strong></span> <span class='ocrx_word' id='word_1_69' title='bbox 769 1440 857 1489; x_wconf 85' lang='lat' dir='ltr'><strong>reverti</strong></span> 
     </span>
     <span class='ocr_line' id='line_1_12' title="bbox 224 1529 832 1593; baseline -0.002 -14"><span class='ocrx_word' id='word_1_70' title='bbox 224 1533 340 1592; x_wconf 85' lang='lat' dir='ltr'><strong>Possunt,</strong></span> <span class='ocrx_word' id='word_1_71' title='bbox 349 1539 420 1593; x_wconf 88' lang='lat' dir='ltr'><strong>atque</strong></span> <span class='ocrx_word' id='word_1_72' title='bbox 432 1531 482 1579; x_wconf 91' lang='lat' dir='ltr'><strong>ima</strong></span> <span class='ocrx_word' id='word_1_73' title='bbox 492 1530 584 1580; x_wconf 83' lang='lat' dir='ltr'><strong>similes</strong></span> <span class='ocrx_word' id='word_1_74' title='bbox 596 1529 742 1578; x_wconf 84' lang='lat' dir='ltr'><strong>revirescere</strong></span> <span class='ocrx_word' id='word_1_75' title='bbox 752 1537 832 1578; x_wconf 84' lang='lat' dir='ltr'><strong>terra:</strong></span> 
     </span>
     <span class='ocr_line' id='line_1_13' title="bbox 225 1619 724 1682; baseline 0.004 -16"><span class='ocrx_word' id='word_1_76' title='bbox 225 1619 313 1668; x_wconf 87' lang='lat' dir='ltr'><strong>lnielix</strong></span> <span class='ocrx_word' id='word_1_77' title='bbox 325 1627 423 1682; x_wconf 89' lang='lat' dir='ltr'><strong>superat</strong></span> <span class='ocrx_word' id='word_1_78' title='bbox 434 1619 500 1668; x_wconf 82' lang='lat' dir='ltr'><strong>foliis</strong></span> <span class='ocrx_word' id='word_1_79' title='bbox 511 1620 616 1668; x_wconf 73' lang='lat' dir='ltr'><strong>oleaster</strong></span> <span class='ocrx_word' id='word_1_80' title='bbox 627 1619 724 1668; x_wconf 74' lang='lat' dir='ltr'><strong>amaris</strong></span> 
     </span>
    </p>

    <p class='ocr_par' dir='ltr' id='par_1_3' title="bbox 195 1706 949 3200">
     <span class='ocr_line' id='line_1_14' title="bbox 257 1706 942 1771; baseline 0.004 -16"><span class='ocrx_word' id='word_1_81' title='bbox 257 1709 309 1756; x_wconf 84' lang='lat' dir='ltr'><strong>Nec</strong></span> <span class='ocrx_word' id='word_1_82' title='bbox 320 1707 364 1755; x_wconf 88' lang='lat' dir='ltr'><strong>tibi</strong></span> <span class='ocrx_word' id='word_1_83' title='bbox 375 1715 425 1756; x_wconf 84' lang='lat' dir='ltr'><strong>tum</strong></span> <span class='ocrx_word' id='word_1_84' title='bbox 436 1706 543 1770; x_wconf 84' lang='lat' dir='ltr'><strong>prudens</strong></span> <span class='ocrx_word' id='word_1_85' title='bbox 554 1707 682 1769; x_wconf 88' lang='lat' dir='ltr'><strong>quisquam</strong></span> <span class='ocrx_word' id='word_1_86' title='bbox 693 1707 838 1771; x_wconf 86' lang='lat' dir='ltr'><strong>persuadeat</strong></span> <span class='ocrx_word' id='word_1_87' title='bbox 847 1715 942 1769; x_wconf 86' lang='lat' dir='ltr'><strong>auctor,</strong></span> 
     </span>
     <span class='ocr_line' id='line_1_15' title="bbox 224 1795 783 1858; baseline 0.002 -14"><span class='ocrx_word' id='word_1_88' title='bbox 224 1797 348 1845; x_wconf 88' lang='lat' dir='ltr'><strong>Tellurem</strong></span> <span class='ocrx_word' id='word_1_89' title='bbox 361 1799 441 1845; x_wconf 90' lang='lat' dir='ltr'><strong>Borea</strong></span> <span class='ocrx_word' id='word_1_90' title='bbox 451 1795 552 1857; x_wconf 89' lang='lat' dir='ltr'><strong>rigidam</strong></span> <span class='ocrx_word' id='word_1_91' title='bbox 564 1796 671 1858; x_wconf 79' lang='lat' dir='ltr'><strong>spirante</strong></span> <span class='ocrx_word' id='word_1_92' title='bbox 683 1797 783 1845; x_wconf 87' lang='lat' dir='ltr'><strong>moveri.</strong></span> 
     </span>
     <span class='ocr_line' id='line_1_16' title="bbox 224 1885 904 1948; baseline 0.001 -12"><span class='ocrx_word' id='word_1_93' title='bbox 224 1888 291 1936; x_wconf 90' lang='lat' dir='ltr'><strong>Rura</strong></span> <span class='ocrx_word' id='word_1_94' title='bbox 301 1888 357 1948; x_wconf 90' lang='lat' dir='ltr'><strong>gelu</strong></span> <span class='ocrx_word' id='word_1_95' title='bbox 369 1894 421 1936; x_wconf 91' lang='lat' dir='ltr'><strong>tum</strong></span> <span class='ocrx_word' id='word_1_96' title='bbox 432 1885 523 1936; x_wconf 79' lang='lat' dir='ltr'><strong>claudit</strong></span> <span class='ocrx_word' id='word_1_97' title='bbox 533 1887 629 1948; x_wconf 80' lang='lat' dir='ltr'><strong>hiems3</strong></span> <span class='ocrx_word' id='word_1_98' title='bbox 647 1900 692 1935; x_wconf 86' lang='lat' dir='ltr'><strong>nec</strong></span> <span class='ocrx_word' id='word_1_99' title='bbox 703 1886 796 1936; x_wconf 88' lang='lat' dir='ltr'><strong>semine</strong></span> <span class='ocrx_word' id='word_1_100' title='bbox 803 1889 870 1948; x_wconf 85' lang='lat' dir='ltr'><strong>jacto</strong></span> <span class='ocrx_word' id='word_1_101' title='bbox 899 1904 904 1911; x_wconf 92' lang='lat'>·</span> 
     </span>
     <span class='ocr_line' id='line_1_17' title="bbox 225 1962 795 2039; baseline 0 -15"><span class='ocrx_word' id='word_1_102' title='bbox 225 1976 371 2024; x_wconf 88' lang='lat' dir='ltr'><strong>Concretam</strong></span> <span class='ocrx_word' id='word_1_103' title='bbox 381 1976 471 2039; x_wconf 86' lang='lat' dir='ltr'><strong>patitur</strong></span> <span class='ocrx_word' id='word_1_104' title='bbox 482 1975 588 2024; x_wconf 82' lang='lat' dir='ltr'><strong>radicem</strong></span> <span class='ocrx_word' id='word_1_105' title='bbox 600 1962 704 2036; x_wconf 84' lang='lat' dir='ltr'><strong>adfigere</strong></span> <span class='ocrx_word' id='word_1_106' title='bbox 714 1982 795 2024; x_wconf 77' lang='lat' dir='ltr'><strong>terrae.</strong></span> 
     </span>
     <span class='ocr_line' id='line_1_18' title="bbox 225 2063 777 2127; baseline -0.002 -14"><span class='ocrx_word' id='word_1_107' title='bbox 225 2063 333 2127; x_wconf 85' lang='lat' dir='ltr'><strong>Optuma</strong></span> <span class='ocrx_word' id='word_1_108' title='bbox 343 2063 429 2112; x_wconf 88' lang='lat' dir='ltr'><strong>vinetis</strong></span> <span class='ocrx_word' id='word_1_109' title='bbox 441 2064 514 2125; x_wconf 75' lang='lat' dir='ltr'><strong>satio,</strong></span> <span class='ocrx_word' id='word_1_110' title='bbox 527 2079 603 2126; x_wconf 90' lang='lat' dir='ltr'><strong>quum</strong></span> <span class='ocrx_word' id='word_1_111' title='bbox 613 2077 668 2112; x_wconf 85' lang='lat' dir='ltr'><strong>vere</strong></span> <span class='ocrx_word' id='word_1_112' title='bbox 679 2063 777 2112; x_wconf 77' lang='lat' dir='ltr'><strong>rubenti</strong></span> 
     </span>
     <span class='ocr_line' id='line_1_19' title="bbox 225 2152 798 2215; baseline 0.002 -15"><span class='ocrx_word' id='word_1_113' title='bbox 225 2152 333 2201; x_wconf 89' lang='lat' dir='ltr'><strong>Candida</strong></span> <span class='ocrx_word' id='word_1_114' title='bbox 343 2153 409 2201; x_wconf 87' lang='lat' dir='ltr'><strong>venit</strong></span> <span class='ocrx_word' id='word_1_115' title='bbox 420 2153 481 2213; x_wconf 84' lang='lat' dir='ltr'><strong>avis,</strong></span> <span class='ocrx_word' id='word_1_116' title='bbox 493 2152 573 2214; x_wconf 85' lang='lat' dir='ltr'><strong>longis</strong></span> <span class='ocrx_word' id='word_1_117' title='bbox 585 2152 664 2201; x_wconf 86' lang='lat' dir='ltr'><strong>invisa</strong></span> <span class='ocrx_word' id='word_1_118' title='bbox 673 2153 798 2215; x_wconf 81' lang='lat' dir='ltr'><strong>colubris3</strong></span> 
     </span>
     <span class='ocr_line' id='line_1_20' title="bbox 195 2241 911 2306; baseline 0.004 -16"><span class='ocrx_word' id='word_1_119' title='bbox 195 2279 200 2299; x_wconf 82' lang='lat'><strong>,</strong></span> <span class='ocrx_word' id='word_1_120' title='bbox 223 2241 306 2290; x_wconf 86' lang='lat' dir='ltr'><strong>Prima</strong></span> <span class='ocrx_word' id='word_1_121' title='bbox 316 2243 354 2291; x_wconf 85' lang='lat' dir='ltr'><strong>vel</strong></span> <span class='ocrx_word' id='word_1_122' title='bbox 364 2241 489 2291; x_wconf 79' lang='lat' dir='ltr'><strong>auctumni</strong></span> <span class='ocrx_word' id='word_1_123' title='bbox 500 2243 544 2290; x_wconf 89' lang='lat' dir='ltr'><strong>sub</strong></span> <span class='ocrx_word' id='word_1_124' title='bbox 556 2241 657 2304; x_wconf 76' lang='lat' dir='ltr'><strong>frigora,</strong></span> <span class='ocrx_word' id='word_1_125' title='bbox 668 2257 744 2304; x_wconf 87' lang='lat' dir='ltr'><strong>quum</strong></span> <span class='ocrx_word' id='word_1_126' title='bbox 758 2243 855 2306; x_wconf 84' lang='lat' dir='ltr'><strong>rapidus</strong></span> <span class='ocrx_word' id='word_1_127' title='bbox 868 2244 911 2293; x_wconf 87' lang='lat' dir='ltr'><strong>Sol</strong></span> 
     </span>
     <span class='ocr_line' id='line_1_21' title="bbox 222 2331 949 2396; baseline 0.003 -15"><span class='ocrx_word' id='word_1_128' title='bbox 222 2331 339 2381; x_wconf 90' lang='lat' dir='ltr'><strong>Nondum</strong></span> <span class='ocrx_word' id='word_1_129' title='bbox 349 2331 454 2380; x_wconf 89' lang='lat' dir='ltr'><strong>hiemem</strong></span> <span class='ocrx_word' id='word_1_130' title='bbox 466 2331 587 2393; x_wconf 89' lang='lat' dir='ltr'><strong>contingit</strong></span> <span class='ocrx_word' id='word_1_131' title='bbox 597 2333 676 2394; x_wconf 90' lang='lat' dir='ltr'><strong>equis,</strong></span> <span class='ocrx_word' id='word_1_132' title='bbox 689 2335 740 2393; x_wconf 74' lang='lat' dir='ltr'><strong>iam</strong></span> <span class='ocrx_word' id='word_1_133' title='bbox 751 2333 859 2396; x_wconf 78' lang='lat' dir='ltr'><strong>praeterit</strong></span> <span class='ocrx_word' id='word_1_134' title='bbox 869 2341 949 2383; x_wconf 77' lang='lat' dir='ltr'><strong>aestas.</strong></span> 
     </span>
     <span class='ocr_line' id='line_1_22' title="bbox 222 2419 801 2484; baseline -0.002 -13"><span class='ocrx_word' id='word_1_135' title='bbox 222 2422 271 2471; x_wconf 88' lang='lat' dir='ltr'><strong>Ver</strong></span> <span class='ocrx_word' id='word_1_136' title='bbox 283 2420 342 2470; x_wconf 85' lang='lat' dir='ltr'><strong>adeo</strong></span> <span class='ocrx_word' id='word_1_137' title='bbox 351 2419 433 2469; x_wconf 85' lang='lat' dir='ltr'><strong>frondi</strong></span> <span class='ocrx_word' id='word_1_138' title='bbox 444 2434 583 2482; x_wconf 88' lang='lat' dir='ltr'><strong>nemorum,</strong></span> <span class='ocrx_word' id='word_1_139' title='bbox 595 2435 637 2469; x_wconf 85' lang='lat' dir='ltr'><strong>ver</strong></span> <span class='ocrx_word' id='word_1_140' title='bbox 646 2421 707 2470; x_wconf 86' lang='lat' dir='ltr'><strong>utile</strong></span> <span class='ocrx_word' id='word_1_141' title='bbox 718 2420 801 2484; x_wconf 82' lang='lat' dir='ltr'><strong>silvis3</strong></span> 
     </span>
     <span class='ocr_line' id='line_1_23' title="bbox 221 2496 870 2574; baseline 0.002 -15"><span class='ocrx_word' id='word_1_142' title='bbox 221 2496 284 2559; x_wconf 76' lang='lat' dir='ltr'><strong>Vere</strong></span> <span class='ocrx_word' id='word_1_143' title='bbox 294 2516 390 2558; x_wconf 88' lang='lat' dir='ltr'><strong>tument</strong></span> <span class='ocrx_word' id='word_1_144' title='bbox 401 2517 483 2570; x_wconf 84' lang='lat' dir='ltr'><strong>terrae,</strong></span> <span class='ocrx_word' id='word_1_145' title='bbox 496 2518 520 2559; x_wconf 90' lang='lat' dir='ltr'><strong>et</strong></span> <span class='ocrx_word' id='word_1_146' title='bbox 531 2510 645 2572; x_wconf 76' lang='lat' dir='ltr'><strong>genitalia</strong></span> <span class='ocrx_word' id='word_1_147' title='bbox 654 2511 748 2560; x_wconf 88' lang='lat' dir='ltr'><strong>semina</strong></span> <span class='ocrx_word' id='word_1_148' title='bbox 758 2519 870 2574; x_wconf 84' lang='lat' dir='ltr'><strong>poscunt.</strong></span> 
     </span>
     <span class='ocr_line' id='line_1_24' title="bbox 220 2598 882 2661; baseline 0.002 -14"><span class='ocrx_word' id='word_1_149' title='bbox 220 2599 285 2647; x_wconf 79' lang='lat' dir='ltr'><strong>&#39;lum</strong></span> <span class='ocrx_word' id='word_1_150' title='bbox 297 2605 365 2660; x_wconf 87' lang='lat' dir='ltr'><strong>pater</strong></span> <span class='ocrx_word' id='word_1_151' title='bbox 376 2599 531 2661; x_wconf 84' lang='lat' dir='ltr'><strong>omnipotens</strong></span> <span class='ocrx_word' id='word_1_152' title='bbox 544 2598 653 2647; x_wconf 81' lang='lat' dir='ltr'><strong>fecundis</strong></span> <span class='ocrx_word' id='word_1_153' title='bbox 666 2599 784 2649; x_wconf 88' lang='lat' dir='ltr'><strong>imbribus</strong></span> <span class='ocrx_word' id='word_1_154' title='bbox 794 2601 882 2650; x_wconf 84' lang='lat' dir='ltr'><strong>AEther</strong></span> 
     </span>
     <span class='ocr_line' id='line_1_25' title="bbox 222 2686 856 2749; baseline 0.005 -13"><span class='ocrx_word' id='word_1_155' title='bbox 222 2687 337 2748; x_wconf 83' lang='lat' dir='ltr'><strong>Conjugis</strong></span> <span class='ocrx_word' id='word_1_156' title='bbox 348 2686 373 2735; x_wconf 91' lang='lat' dir='ltr'><strong>in</strong></span> <span class='ocrx_word' id='word_1_157' title='bbox 385 2687 504 2748; x_wconf 84' lang='lat' dir='ltr'><strong>gremium</strong></span> <span class='ocrx_word' id='word_1_158' title='bbox 515 2687 577 2736; x_wconf 80' lang='lat' dir='ltr'><strong>laetae</strong></span> <span class='ocrx_word' id='word_1_159' title='bbox 589 2688 723 2749; x_wconf 89' lang='lat' dir='ltr'><strong>descendit,</strong></span> <span class='ocrx_word' id='word_1_160' title='bbox 735 2697 760 2738; x_wconf 91' lang='lat' dir='ltr'><strong>et</strong></span> <span class='ocrx_word' id='word_1_161' title='bbox 770 2703 856 2739; x_wconf 88' lang='lat' dir='ltr'><strong>omnes</strong></span> 
     </span>
     <span class='ocr_line' id='line_1_26' title="bbox 220 2775 924 2841; baseline 0.007 -17"><span class='ocrx_word' id='word_1_162' title='bbox 220 2778 324 2838; x_wconf 81' lang='lat' dir='ltr'><strong>Magnus</strong></span> <span class='ocrx_word' id='word_1_163' title='bbox 335 2775 390 2837; x_wconf 81' lang='lat' dir='ltr'><strong>alit,</strong></span> <span class='ocrx_word' id='word_1_164' title='bbox 398 2789 486 2838; x_wconf 88' lang='lat' dir='ltr'><strong>magno</strong></span> <span class='ocrx_word' id='word_1_165' title='bbox 497 2777 638 2826; x_wconf 83' lang='lat' dir='ltr'><strong>conmixtus</strong></span> <span class='ocrx_word' id='word_1_166' title='bbox 649 2792 762 2841; x_wconf 86' lang='lat' dir='ltr'><strong>corpore,</strong></span> <span class='ocrx_word' id='word_1_167' title='bbox 775 2780 847 2829; x_wconf 76' lang='lat' dir='ltr'><strong>iebus.</strong></span> <span class='ocrx_word' id='word_1_168' title='bbox 921 2792 924 2798; x_wconf 90' lang='grc'>’</span> 
     </span>
     <span class='ocr_line' id='line_1_27' title="bbox 218 2865 794 2929; baseline 0.007 -16"><span class='ocrx_word' id='word_1_169' title='bbox 218 2865 280 2914; x_wconf 85' lang='lat' dir='ltr'><strong>Avia</strong></span> <span class='ocrx_word' id='word_1_170' title='bbox 290 2872 343 2914; x_wconf 90' lang='lat' dir='ltr'><strong>tum</strong></span> <span class='ocrx_word' id='word_1_171' title='bbox 355 2873 470 2915; x_wconf 84' lang='lat' dir='ltr'><strong>resonant</strong></span> <span class='ocrx_word' id='word_1_172' title='bbox 480 2865 562 2915; x_wconf 89' lang='lat' dir='ltr'><strong>avibus</strong></span> <span class='ocrx_word' id='word_1_173' title='bbox 573 2865 678 2928; x_wconf 82' lang='lat' dir='ltr'><strong>virgulta</strong></span> <span class='ocrx_word' id='word_1_174' title='bbox 687 2868 794 2929; x_wconf 88' lang='lat' dir='ltr'><strong>canoris,</strong></span> 
     </span>
     <span class='ocr_line' id='line_1_28' title="bbox 218 2954 814 3018; baseline 0.007 -16"><span class='ocrx_word' id='word_1_175' title='bbox 218 2954 251 3002; x_wconf 88' lang='lat' dir='ltr'><strong>Et</strong></span> <span class='ocrx_word' id='word_1_176' title='bbox 261 2954 382 3003; x_wconf 88' lang='lat' dir='ltr'><strong>Venerem</strong></span> <span class='ocrx_word' id='word_1_177' title='bbox 393 2954 465 3004; x_wconf 86' lang='lat' dir='ltr'><strong>certis</strong></span> <span class='ocrx_word' id='word_1_178' title='bbox 476 2962 589 3018; x_wconf 87' lang='lat' dir='ltr'><strong>repetunt</strong></span> <span class='ocrx_word' id='word_1_179' title='bbox 599 2965 711 3005; x_wconf 83' lang='lat' dir='ltr'><strong>armenta</strong></span> <span class='ocrx_word' id='word_1_180' title='bbox 721 2956 814 3006; x_wconf 90' lang='lat' dir='ltr'><strong>diebus.</strong></span> 
     </span>
     <span class='ocr_line' id='line_1_29' title="bbox 217 3043 891 3108; baseline 0.004 -16"><span class='ocrx_word' id='word_1_181' title='bbox 217 3043 326 3092; x_wconf 77' lang='lat' dir='ltr'><strong>Parunit</strong></span> <span class='ocrx_word' id='word_1_182' title='bbox 337 3045 416 3092; x_wconf 81' lang='lat' dir='ltr'><strong>almus</strong></span> <span class='ocrx_word' id='word_1_183' title='bbox 427 3058 498 3106; x_wconf 86' lang='lat' dir='ltr'><strong>agcr;</strong></span> <span class='ocrx_word' id='word_1_184' title='bbox 517 3045 666 3108; x_wconf 82' lang='lat' dir='ltr'><strong>Zephyrique</strong></span> <span class='ocrx_word' id='word_1_185' title='bbox 676 3047 813 3108; x_wconf 90' lang='lat' dir='ltr'><strong>tepentibus</strong></span> <span class='ocrx_word' id='word_1_186' title='bbox 825 3046 891 3096; x_wconf 90' lang='lat' dir='ltr'><strong>auris</strong></span> 
     </span>
     <span class='ocr_line' id='line_1_30' title="bbox 217 3132 909 3200; baseline 0.01 -19"><span class='ocrx_word' id='word_1_187' title='bbox 217 3133 312 3182; x_wconf 85' lang='lat' dir='ltr'><strong>Laxant</strong></span> <span class='ocrx_word' id='word_1_188' title='bbox 322 3147 380 3182; x_wconf 75' lang='lat' dir='ltr'><strong>arua</strong></span> <span class='ocrx_word' id='word_1_189' title='bbox 389 3132 473 3196; x_wconf 81' lang='lat' dir='ltr'><strong>sinus3</strong></span> <span class='ocrx_word' id='word_1_190' title='bbox 491 3142 588 3196; x_wconf 89' lang='lat' dir='ltr'><strong>superat</strong></span> <span class='ocrx_word' id='word_1_191' title='bbox 597 3142 666 3184; x_wconf 91' lang='lat' dir='ltr'><strong>tener</strong></span> <span class='ocrx_word' id='word_1_192' title='bbox 677 3137 791 3187; x_wconf 89' lang='lat' dir='ltr'><strong>omnibus</strong></span> <span class='ocrx_word' id='word_1_193' title='bbox 803 3139 909 3200; x_wconf 85' lang='lat' dir='ltr'><strong>humor;</strong></span> 
     </span>
    </p>
   </div>
   <div class='ocr_carea' id='block_1_3' title="bbox 0 0 1172 3734">
    <p class='ocr_par' dir='ltr' id='par_1_4' title="bbox 0 0 1172 3734">
     <span class='ocr_line' id='line_1_31' title="bbox 0 0 1172 3734; baseline 0 2"><span class='ocrx_word' id='word_1_194' title='bbox 0 0 1172 3734; x_wconf 95' lang='lat' dir='ltr'><strong> </strong></span> 
     </span>
    </p>
   </div>
  </div>
 </body>
</html>
