2334 3734
383 521 564 570 BUCOLICA.
581 521 653 571 ECL.
666 524 712 572 111.
940 530 955 573 9

148 649 183 696 Et
194 646 266 696 molli
276 645 369 696 cirnnm
379 655 418 701 est
428 662 499 698 ansas
510 651 637 712 amplexus
644 651 763 700 mehor

148 735 297 798 Orpheaque
307 735 334 784 in
346 736 426 785 medio
438 737 519 799 posuit
529 737 650 800 silvasque
661 740 793 802 sequentis.

150 823 263 872 Nendum
274 824 324 872 illis
335 825 405 873 labra
415 825 522 885 admovi,
535 826 577 875 sed
588 827 687 876 eondita
697 843 777 878 servo.

150 913 178 961 Si
188 913 221 962 acl
231 913 332 963 vitulum
343 922 446 977 spectas,
458 914 521 963 nihil
533 923 580 975 est,
592 916 658 978 quod
667 913 754 980 noenia
763 917 856 968 laudes.

183 1003 238 1051 Mn.
256 1005 396 1065 Numquam
408 1003 480 1052 hodie
499 1003 614 1066 effugim
630 1005 736 1065 venum,
748 1019 951 1076 quocumquevos

250 1106 322 1141 cans.

150 1179 242 1228 Audiat
251 1181 303 1230 haec
315 1188 421 1242 tantum,
435 1184 472 1232 vel
484 1183 525 1245 qui
535 1183 612 1244 venit,
622 1197 688 1244 eene,
699 1186 832 1234 Palemon.

151 1269 261 1318 Efficiam
273 1271 384 1332 posthac,
395 1285 426 1320 ne
438 1285 583 1333 quemquam
594 1285 653 1320 voce
664 1273 775 1321 lacessas.

183 1358 231 1406 DA.
250 1359 315 1412 Quin
327 1372 381 1420 age,
391 1359 471 1420 siquid
482 1359 566 1419 hebes,
578 1359 604 1408 in
617 1373 656 1408 me
667 1374 738 1408 mora
751 1375 801 1408 non
812 1360 860 1409 erit
869 1361 936 1423 nlla3

151 1447 205 1494 Nec
216 1460 361 1507 quemquam
373 1447 454 1508 fugio:
471 1455 577 1508 tantiam,
588 1447 667 1495 vicine
679 1449 814 1507 Palaemen,

150 1535 268 1584 Sensibus
280 1536 331 1584 haee
341 1535 408 1596 imis,
421 1549 460 1584 res
471 1543 509 1584 est
519 1549 570 1585 non
581 1550 665 1598 parra,
676 1550 788 1599 reponas.

183 1625 228 1672 ΡΑ.
248 1624 339 1673 Dicite:
358 1625 552 1687 quandoquidem
564 1625 591 1674 in
601 1625 672 1674 molli
682 1625 837 1675 consedimus
847 1627 941 1688 herba3

78 1755 85 1769 ‚
149 1715 183 1763 Et
193 1729 260 1763 nunc
271 1715 352 1763 omnis
364 1729 430 1776 ager,
442 1729 507 1764 nunc
519 1715 600 1764 omnis
611 1715 807 1777 permensos,

149 1805 223 1852 Nunc
233 1803 350 1852 frondent
360 1804 437 1864 silvae,
449 1819 513 1854 nunc
524 1804 716 1854 formosissimus
727 1819 814 1854 annus.

149 1893 243 1956 Incipe,
252 1895 382 1958 Damoeta3
399 1902 427 1944 tu
440 1895 527 1944 deinde
539 1909 650 1958 sequere,
661 1896 782 1944 Menalca.

148 1981 260 2031 Alternis
272 1981 375 2045 dicetis3
392 1991 476 2032 amant
486 1985 581 2032 alterna
593 1986 725 2033 Camoenae.

182 2069 231 2118 ΒΑ.
238 2070 288 2124 Ab
299 2071 361 2118 Jove
371 2071 517 2133 principium
529 2073 623 2119 Musae:
640 2071 710 2120 iovis
720 2071 804 2120 omnia
812 2072 893 2135 plena.

149 2157 197 2206 lile
207 2157 268 2206 nolit
277 2164 372 2220 terras3
389 2158 427 2206 illi
441 2172 495 2206 mea
505 2159 614 2207 carmina
624 2173 697 2207 ουτω.
771 2157 776 2169 ’

183 2247 238 2294 Ma.
254 2247 288 2294 Et
298 2259 338 2294 me
349 2246 456 2294 Phoebus
473 2254 553 2295 amat:
572 2246 666 2295 Phoebo
680 2261 725 2296 sua
734 2261 830 2310 semper
840 2247 905 2309 apud
916 2261 955 2296 me

149 2335 259 2382 Munera
269 2341 337 2394 sunt,
348 2334 422 2395 inuri,
434 2344 459 2382 et
469 2348 542 2383 suave
554 2336 644 2384 rubens
654 2335 808 2398 hyacinthus.

182 2423 230 2470 Ds.
248 2423 316 2471 Malo
327 2437 366 2472 me
378 2425 479 2473 Galatea
490 2424 559 2486 petit,
571 2423 662 2472 lasciva
672 2424 771 2485 puella3

149 2512 185 2559 Et
195 2509 258 2572 fugit
268 2510 299 2560 ed
309 2511 404 2572 salines,
415 2519 440 2561 et
451 2525 477 2561 se
488 2511 554 2574 cupit
566 2519 622 2560 aune
634 2510 719 2559 videri.

184 2600 238 2648 Mn.
255 2601 290 2649 At
300 2599 361 2648 mihi
372 2614 425 2649 sese
436 2601 507 2650 offert
518 2601 597 2660 ultro,
609 2613 677 2648 mens
688 2597 762 2660 ignis,
772 2599 890 2662 Amyntas
901 2619 909 2660 3

150 2689 176 2737 N
178 2688 242 2737 otior
253 2695 282 2738 ni
289 2690 341 2749 Jam
351 2688 383 2738 sit
392 2689 492 2738 canibus
504 2703 555 2738 non
566 2688 638 2737 Delia
646 2687 746 2736 nostris.

184 2778 232 2825 Du.
250 2778 323 2826 Parta
332 2791 394 2826 mee
405 2777 495 2826 Veneri
506 2784 565 2826 sunt
576 2791 694 2825 munera:
710 2790 816 2847 namque
826 2776 909 2826 nooevi

149 2865 160 2911 1
162 2878 205 2927 pse
215 2865 308 2925 locum,
321 2865 393 2914 aeriae
404 2879 452 2928 quo
464 2879 607 2927 nongessere
617 2865 751 2928 pmumbes.

186 2956 240 3002 Mn.
255 2953 328 3010 Quod
338 2955 417 3018 potui,
428 2971 505 3019 puero
517 2955 625 3005 silvestri
635 2970 667 3004 ex
678 2957 766 3004 arbore
775 2956 839 3004 lecta

150 3044 234 3092 Aurea
244 3044 310 3093 mala
320 3043 404 3094 desem
414 3044 470 3096 misi
480 3064 488 3107 ς
505 3058 559 3094 cras
568 3045 646 3094 altera
653 3044 757 3092 mittam.

185 3133 233 3181 Ds.
251 3132 274 3182 0
287 3133 393 3196 quoties,
405 3142 430 3184 et
441 3149 494 3197 quae
506 3133 577 3182 nobis
586 3133 688 3184 Galatea
697 3133 780 3181 locuta
789 3133 843 3180 est!
