2334 3734
362 547 561 597 GEORGiCON
579 549 641 598 ala.
659 549 704 596 ill.

128 673 318 736 Exceptantque
328 675 388 723 levia
400 689 486 738 arnan
504 683 529 723 et
540 689 604 739 sape
615 675 668 725 tine
679 675 738 726 allia

129 763 260 826 coniugiis
271 771 346 813 vento
357 765 460 826 gravidae
475 766 599 830 (mirabile
610 766 688 829 dicta)

128 853 196 901 Saxa
206 869 251 916 per
263 861 289 903 et
300 855 413 917 scopulos
424 863 449 902 et
460 854 586 918 depressae
597 855 717 906 couvdlb

128 942 281 1005 Diffugiunt:
300 959 362 1004 non,
374 945 450 1004 Eure,
461 952 528 1004 tuos,
540 959 619 1006 neque
631 943 697 994 Solia
708 944 739 994 ad
749 951 838 1008 ortua3

132 1032 161 1079 ln
174 1034 275 1081 Borean
290 1034 455 1095 Caurumque,
467 1041 509 1082 aut
519 1033 584 1082 unde
596 1032 742 1094 nigerrimae
753 1037 843 1084 Auater

129 1121 259 1182 Nascitur,
270 1130 296 1170 et
303 1122 387 1185 pluvio
399 1122 529 1172 couniatat
539 1123 631 1184 frigore
641 1125 742 1174 coelum.

132 1209 181 1259 Hic
192 1211 304 1271 demum,
316 1211 475 1274 hippomanes
486 1225 544 1260 tero
556 1211 622 1273 quod
633 1212 734 1262 nomine
745 1212 831 1263 dieunt

131 1300 258 1361 Paetores,
270 1301 366 1350 lentum
377 1301 485 1351 destillat
496 1303 527 1351 ab
538 1301 638 1363 inguine
648 1302 733 1364 rirua3

132 1389 312 1453 Hippomanes,
324 1389 389 1451 quod
397 1405 460 1452 saepe
472 1391 543 1440 mala
554 1391 635 1452 legere
646 1403 766 1452 novem,

132 1478 333 1540 Miacueruntque
344 1479 432 1528 herbae
444 1486 469 1528 et
479 1493 530 1528 nou
541 1478 644 1527 innoxia
654 1480 735 1528 verba.

163 1567 211 1617 Sed
222 1566 287 1629 fugit
297 1567 401 1628 interea
413 1567 474 1629 fingit
485 1567 649 1630 inreparabile
661 1575 769 1630 tempus,

134 1655 235 1718 Singula
247 1657 307 1705 dum
318 1657 382 1719 capti
394 1656 612 1705 circumvectamur
622 1670 714 1705 amore.

132 1746 184 1794 lloc
195 1745 254 1794 satit
266 1745 391 1794 umentia.
424 1746 529 1807 Superat
539 1758 595 1807 pare
604 1746 681 1794 altera
690 1759 766 1806 cura,

133 1834 266 1896 Lanigeros
276 1833 366 1896 agitare
377 1847 459 1895 gregat
470 1834 596 1896 hirtasque
607 1835 720 1897 oapcllaa

134 1923 179 1972 llic
189 1925 279 1985 labor;
296 1922 354 1972 hinc
364 1922 461 1971 laudern
470 1923 546 1972 fortes
559 1935 654 1984 sperate
663 1923 753 1977 coloni.

131 2015 249 2064 Nectum
261 2011 336 2070 animi
348 2011 445 2073 dubius,
456 2012 536 2062 verbis
546 2026 578 2062 ea
588 2013 684 2062 vincere
695 2027 811 2075 magnum

911 552 943 600 8³

131 2105 211 2157 Quum
224 2101 267 2162 eit,
279 2110 304 2151 et
315 2102 423 2163 aaguutia
433 2102 500 2150 banc
511 2101 599 2150 addere
607 2103 682 2150 rebue
690 2102 822 2155 honorem.
908 2150 913 2159 ,

130 2195 179 2244 Sed
191 2209 231 2242 ure
243 2193 345 2243 Parnasi
356 2193 451 2242 deserta
462 2207 505 2255 per
516 2193 594 2242 ardua
602 2192 679 2242 dulcia

131 2286 219 2347 Rapiat
230 2297 308 2332 amor.
341 2285 356 2332 J
360 2290 416 2332 urat
426 2282 463 2330 ire
471 2282 547 2343 jugis,
560 2295 608 2343 qua
618 2281 687 2330 nulla
697 2280 808 2344 priorum

132 2373 264 2423 Castaliam
275 2371 347 2421 molli
357 2371 489 2422 devertitur
500 2370 581 2420 orbita
592 2369 662 2419 clivo.

163 2464 246 2522 Nunc,
259 2460 396 2510 veneranda
410 2461 489 2520 Palea,
503 2473 592 2522 magno
604 2473 670 2508 nunc
679 2471 723 2506 ore
733 2457 871 2508 tonandum

133 2550 254 2614 Incipiens
267 2549 370 2598 stabulis
381 2549 449 2597 edico
459 2548 484 2596 iu
497 2547 614 2597 mollibus
625 2546 726 2597 herbam

134 2640 240 2703 Carpere
249 2637 313 2698 oris,
325 2638 384 2686 dum
396 2651 455 2686 mox
466 2636 585 2686 frondosa
596 2633 719 2684 redimitur
726 2639 818 2693 attan

56 2768 59 2774 .
132 2731 165 2778 Et
176 2730 256 2778 multa
267 2728 355 2776 duram
367 2727 458 2789 stipula
468 2726 609 2786 filicumque
620 2722 734 2786 maniplis

131 2819 246 2868 Sternere
258 2818 342 2869 subter
354 2816 468 2874 humum,
480 2813 567 2875 alodes
579 2827 613 2861 ne
623 2811 712 2873 frigida
722 2809 795 2860 ledat

131 2909 210 2957 Molle
221 2921 306 2970 peona,
318 2905 470 2966 scabiemque
481 2904 544 2954 ierat
555 2902 683 2964 turpisque
695 2900 821 2964 podagrae.

133 2999 193 3046 Post
203 2996 262 3044 hinc
273 2995 398 3056 digressus
408 2994 484 3054 jubeo
496 2990 637 3039 frondentia
647 2988 726 3051 capric

131 3088 226 3137 Arbuta
237 3087 357 3145 sufficere,
369 3092 394 3132 et
404 3083 490 3132 fluvios
503 3082 611 3144 prebere
622 3077 743 3139 recentit3

132 3177 163 3224 Et
176 3177 273 3225 stabula
283 3173 387 3224 arentia
398 3172 501 3222 hiberno
513 3182 636 3232 opponere
642 3165 695 3228 ⁴toli
