2334 3734
220 526 270 575 472
440 526 620 577 evracrus
637 484 792 575 ussoms
890 558 893 563 .

222 654 274 702 Aut
284 668 366 703 vocem
377 662 472 705 mutere
482 654 558 714 viros,
568 662 612 703 aut
621 660 715 702 vertere
726 652 807 703 vestis.

221 742 260 794 Sit
271 743 382 805 Latium3
400 743 450 792 sint
460 742 549 791 Albani
561 756 604 805 per
615 742 703 789 saccula
713 754 781 801 reges
791 760 800 801 ς

221 829 259 878 Sit
270 832 380 879 Romm
389 838 475 894 potem
487 831 550 879 Itale
560 829 649 878 virtute
659 842 765 892 propago
775 848 784 890 3
854 858 857 864 ·

221 916 327 977 Occidit,
339 916 511 978 occideritque,
523 917 601 978 sinas,
608 932 665 965 cnm
675 916 866 977 nomine'l'roJ'a.

253 1004 305 1053 0111
316 1005 443 1054 subridens
453 1004 582 1054 hominum
593 1018 725 1066 rerumque
735 1012 845 1067 repertor
855 1025 861 1051 ι

219 1093 252 1140 Iit
262 1106 377 1154 germana
387 1094 467 1155 Joris,
480 1093 627 1154 Saturnique
637 1094 714 1143 altere
724 1094 817 1155 proles,

219 1181 315 1230 Irarum
326 1189 407 1230 tantos
419 1182 494 1231 volvis
505 1184 550 1231 suh
561 1189 659 1243 pectore
669 1182 777 1231 fluctu?

121 1264 123 1271 ’
218 1271 310 1319 Verum
321 1284 374 1332 age,
385 1278 410 1320 et
420 1270 541 1333 inceptum
553 1271 646 1319 frustra
654 1270 771 1319 submitte
781 1270 899 1319 terrorem.

218 1358 267 1417 Do,
279 1358 344 1419 quod
354 1358 407 1420 vis3
424 1365 449 1407 et
459 1372 498 1405 me
509 1357 634 1419 victusque
642 1359 775 1419 volensque
785 1358 892 1407 remitto.

217 1446 361 1495 Sermonem
372 1445 476 1495 Asusonii
486 1446 592 1509 patrium
602 1460 731 1507 moresque
738 1448 874 1508 tenebunt3
948 1477 952 1483 .

218 1535 300 1596 thue
311 1541 358 1594 est,
370 1548 458 1583 nomen
471 1533 536 1595 erit;
554 1533 673 1583 conmixti
683 1547 786 1596 corpore
795 1541 891 1582 nutum

216 1621 348 1672 Subsident
356 1624 455 1671 Teucri.
488 1624 586 1671 Morem
597 1622 706 1682 ritusque
716 1635 842 1671 sacrorum

217 1710 347 1772 Adiciam,
359 1711 495 1773 faciamque
505 1710 587 1760 omnis
597 1724 648 1758 uno
659 1724 702 1758 oro
713 1709 823 1759 utiuos.

219 1799 282 1848 Hinc
293 1814 379 1861 genus,
391 1800 501 1849 Ausonio
512 1799 617 1847 mixtum
628 1797 694 1860 quod
703 1797 820 1859 sanguiue
830 1803 922 1857 surget,

216 1889 296 1951 Supra
305 1888 428 1947 homines,
439 1902 513 1950 supra
523 1888 559 1935 ire
573 1887 631 1935 deos
639 1886 728 1949 pietate
737 1886 845 1948 ridebis3

217 1976 269 2023 Nec
279 1989 338 2035 gens
348 1976 400 2022 ulla
410 1982 466 2022 tuos
477 1988 545 2034 eque
555 1974 687 2023 celebrabit
696 1975 812 2023 honores.

216 2063 310 2113 Adnuit
320 2063 359 2112 his
370 2065 448 2123 Juno,
459 2070 484 2112 et
492 2068 600 2111 mentem
609 2064 691 2111 leuce
701 2061 808 2111 retorsit.
837 2108 843 2121 ,
894 2062 898 2069 ’

215 2153 312 2201 Interea
321 2152 417 2201 excedit
426 2154 500 2212 coelo,
512 2153 649 2212 nubemque
661 2151 766 2213 reliquit.

248 2240 293 2289 His
304 2240 375 2301 actis,
386 2240 453 2289 eliud
464 2240 567 2290 Genitor
578 2254 662 2289 mum
672 2240 725 2302 ipse
734 2240 839 2289 volutet:

212 2330 393 2390 Juturnamque
403 2335 472 2391 parat
482 2328 564 2377 fratris
574 2327 697 2377 dimittere
708 2329 738 2377 ab
750 2328 833 2377 armis

210 2418 332 2466 Dicuntur
342 2418 444 2477 geminae
455 2424 533 2480 pestes
543 2418 689 2479 cognomine
700 2418 776 2477 Dirae,

212 2506 279 2559 Quas
291 2512 316 2553 et
324 2507 466 2553 Tartaream
478 2507 535 2555 Nox
546 2505 691 2569 intempesta
701 2508 833 2567 Megaeram

211 2594 269 2641 Uno
277 2592 410 2653 eodemque
419 2594 477 2641 tulit
486 2604 567 2656 partu,
578 2595 724 2657 paribusque
732 2594 838 2645 revinxit

211 2679 356 2740 Serpentum
367 2678 450 2741 spiris,
461 2688 620 2744 ventosasque
628 2683 720 2732 addidit
731 2685 790 2743 alas.

213 2768 271 2815 Haec
283 2767 352 2817 iovis
363 2767 394 2816 ed
404 2767 505 2830 sotium,
516 2769 620 2832 serique
632 2771 656 2820 in
668 2772 753 2821 limine
765 2772 839 2833 regis,

209 2854 344 2917 Adparent,
356 2864 493 2919 acuuntque
504 2866 598 2907 metum
608 2861 753 2909 mortalibus
761 2860 841 2921 egris,

209 2942 234 2990 Si
247 2939 343 3003 quando
354 2946 430 2995 letum
440 2946 583 2995 horrificum
594 2950 741 3009 morbosque
750 2948 823 2997 deum
835 2960 879 2996 rex

208 3031 323 3091 Molitur,
335 3033 433 3082 meritas
444 3043 487 3083 aut
494 3034 559 3085 bello
568 3036 663 3085 territet
674 3038 748 3086 urbis.

210 3117 304 3165 Harum
317 3132 390 3166 unam
401 3122 504 3169 celerem
515 3122 614 3172 demisit
623 3126 654 3172 eb
665 3125 756 3173 aethere
766 3139 864 3195 summo
