2334 3734
368 528 525 579 AENEIDOS
543 530 607 580 ula.
623 533 668 582 xl.
892 534 946 585 435'
994 558 1001 569 =

142 654 288 718 Exspectare
299 654 382 717 dapes,
393 664 418 705 ot
428 658 505 720 plenae
517 660 607 721 pocula
621 672 711 709 monrae
723 679 731 721 ;

143 744 189 793 llic
202 758 281 805 amor,
291 744 339 801 hoc
351 744 475 808 studium
492 746 550 795 dnm
562 762 632 795 sacra
641 748 763 798 secundm
773 750 898 813 harurpox

143 833 256 893 Nuntiet,
268 846 295 881 ao
307 834 375 882 lucos
386 846 455 882 vocet
466 835 546 883 hostia
555 835 651 898 pinguis
662 836 688 883 in
697 838 769 886 almo.

145 924 204 971 liaeo
216 922 311 981 effatus,
322 935 411 983 equum
424 922 449 969 in
462 922 564 982 medios,
577 923 710 972 moriturus
721 932 747 972 et
755 924 817 988 ipre,

146 1010 268 1069 Concitat,
281 1017 305 1058 et
316 1011 411 1058 Venulo
420 1010 549 1062 adversum
562 1024 588 1058 ae
600 1010 711 1061 turbidus
721 1011 806 1073 infert,

145 1099 326 1159 Dereptumque
337 1099 367 1145 ab
379 1111 441 1157 equo
452 1097 537 1145 dextra
549 1098 710 1158 conplectitur
720 1099 826 1160 hortem,

144 1186 177 1234 Et
187 1185 306 1246 gremium
317 1193 372 1233 anta
383 1199 455 1233 snum
465 1187 542 1233 multa
552 1186 575 1232 vi
584 1186 694 1233 concitur
705 1187 793 1235 aufert.

143 1273 250 1322 Tollitur
261 1273 286 1321 in
298 1274 387 1321 coelum
397 1274 506 1321 clamor:
525 1274 656 1334 cunctique
668 1273 749 1321 latini

77 1380 82 1384 ·
146 1364 292 1412 Convertere
303 1364 395 1411 oculos.
429 1365 501 1412 Volat
512 1364 596 1423 igneus
608 1378 704 1425 aequore
713 1365 821 1425 lurcho,

144 1453 221 1501 Arma
230 1452 356 1513 virumque
367 1452 446 1500 ferens
458 1472 465 1513 ς
484 1461 536 1500 tum
548 1466 645 1500 summa
655 1452 731 1514 iptiua
742 1454 774 1502 ab
784 1453 853 1503 hasta

145 1540 269 1601 Deiringit
279 1541 382 1600 ferrum,
395 1550 420 1589 et
429 1542 505 1603 partis
517 1542 620 1601 rimatur
632 1549 737 1604 apertas,

145 1633 200 1685 Qua
210 1631 296 1679 volnus
307 1631 379 1678 letale
390 1631 465 1679 ferat:
484 1639 569 1679 contra
580 1631 622 1678 ille
634 1645 769 1693 repugnans

146 1718 255 1767 Sustinet
266 1720 374 1779 aiugulo
386 1718 507 1778 dextram,
519 1728 543 1766 et
554 1720 604 1766 vim
615 1718 706 1767 viribus
716 1718 776 1767 exit.

146 1810 228 1871 thue
238 1808 322 1855 volans
333 1808 381 1855 alte
392 1814 486 1868 raptum
498 1821 553 1854 cunr
567 1807 633 1855 fulva
643 1806 774 1855 draconem

147 1899 204 1947 Fert
215 1897 306 1958 aquila,
318 1896 476 1959 inplicuitque
487 1896 570 1958 pedes,
581 1904 654 1956 atque
664 1895 785 1954 unguibus
795 1894 879 1943 hoerit=

147 1986 247 2036 Saucius
257 1994 282 2033 at
293 1999 391 2047 serpens
403 1983 503 2032 sinuosa
513 1983 639 2030 volumina
651 1966 742 2042 verrat,

146 2074 305 2133 Adroctisque
317 2073 402 2118 horret
412 2070 529 2130 squamis,
542 2077 566 2116 et
578 2070 660 2117 sibilat
671 2083 724 2129 ore,

146 2161 244 2211 Arduus
255 2160 398 2218 insurgens:
416 2157 459 2203 illa
470 2155 536 2202 haud
545 2154 627 2202 minus
638 2162 726 2213 urguet
736 2156 832 2204 obunco

148 2251 291 2297 Luctantem
299 2251 396 2305 rostro;
414 2242 487 2291 simul
496 2242 588 2290 aethera
599 2243 709 2289 verberat
718 2242 772 2291 allr.

149 2335 221 2385 Haud
232 2334 302 2383 aliter
311 2332 416 2395 prodam
428 2330 559 2377 Tiburtum
570 2344 602 2378 ex
613 2329 710 2390 agmine
720 2332 817 2379 Tarcho

148 2426 233 2474 Portat
244 2436 327 2471 orans.
360 2418 434 2468 Ducis
445 2418 587 2480 exemplum
599 2425 759 2479 eventumque
770 2417 845 2466 rocuti

149 2512 276 2562 Maeonidae
288 2511 425 2558 incurrunt.
460 2508 525 2553 Tum
536 2505 594 2553 fatis
605 2504 701 2553 debitur
711 2506 808 2552 Arruns

150 2604 263 2651 Velocem
272 2600 356 2661 jaculo
368 2604 393 2645 et
401 2596 479 2644 multa
489 2594 556 2657 prior
565 2602 617 2642 arto
630 2592 759 2643 Camillam

153 2691 255 2751 circuit,
265 2698 299 2750 et,
311 2702 364 2751 quan
373 2687 406 2735 sit
417 2687 515 2747 fortuna
526 2684 652 2742 facillima,
664 2689 748 2731 tentat.

153 2781 241 2833 Quare
251 2791 353 2838 cumque
366 2776 450 2823 surena
462 2772 542 2823 medio
552 2771 611 2821 tulit
621 2770 716 2831 agmine
726 2769 793 2829 virgo
802 2789 807 2817 :

154 2870 205 2917 Hac
215 2868 310 2915 Arruns
322 2864 396 2923 subit,
409 2871 433 2912 et
444 2861 530 2911 tacitus
542 2860 640 2920 vestigia
651 2860 756 2919 lurtrat3

154 2958 209 3010 Qua
217 2954 306 3003 victrix
317 2952 380 3001 rodit
388 2951 444 3015 illa,
456 2950 588 3012 pedemque
599 2961 631 2994 ex
642 2945 713 2994 hoste
722 2951 844 3006 reportat:

154 3048 205 3095 llao
213 3043 309 3105 iuvenis
321 3041 405 3089 furtim
411 3038 500 3087 'celeris
512 3038 641 3096 detorquet
647 3034 761 3083 habenta

157 3135 207 3183 llos
217 3132 306 3192 aditus,
314 3132 413 3193 jamque
424 3127 470 3175 hos
481 3124 571 3185 aditur,
583 3136 729 3183 omnemque
739 3128 846 3185 pererrat
