2334 3734
189 522 240 571 356
405 523 437 571 P.
452 525 590 573 VIRGlLII
608 526 759 576 MARONIS

190 652 286 700 venatu
295 650 395 699 adsiduo
405 658 431 700 et
440 658 520 700 totum
529 653 690 717 cognovimus
698 668 803 704 amnem.
822 648 827 657 ¹
868 648 872 657 ’

191 740 237 788 Hic
247 740 319 788 aunis
330 740 408 801 gravis
419 748 490 801 atque
501 740 577 790 animi
589 750 697 791 maturus
710 744 806 793 Aletes:
819 757 821 761 ’

187 832 222 879 DI
234 831 316 894 patrii,
328 846 431 893 quorum
441 846 535 894 semper
545 833 591 880 sub
602 832 702 881 numine
712 834 788 893 Troia
799 840 845 893 est,

189 920 247 967 Non
258 927 340 967 nmen
352 918 567 968 omuinuTeucros
578 920 660 968 delere
670 920 770 981 paratis,

189 1009 272 1062 Quum
282 1006 338 1055 talis
348 1008 443 1055 animos
450 1004 577 1067 Juvenum,
587 1016 612 1057 et
623 1017 673 1078 tam
684 1016 751 1057 certa
761 1008 852 1059 tulistis

189 1097 298 1166 lfectcra.
331 1095 371 1144 Sic
382 1109 531 1158 memorans,
543 1096 658 1145 humeros
670 1086 815 1159 dextrasque
824 1099 921 1147 tenebat
968 1132 971 1138 -

189 1169 336 1243 dmburum,
347 1191 372 1232 et
380 1185 474 1232 voltum
485 1184 592 1232 lacrimis
603 1192 674 1245 atque
685 1198 729 1233 ora
739 1186 844 1246 rigabat:
932 1234 948 1263 ⁹

190 1273 251 1327 Qua
262 1272 340 1333 vobis,
351 1288 405 1334 quoe
415 1272 497 1334 digna,
509 1272 564 1332 viri,
575 1288 619 1336 pro
631 1273 742 1323 laudibus
755 1274 819 1335 istis,

190 1364 294 1413 Praemia
303 1376 437 1427 pusserear
448 1363 526 1412 solvi?
545 1364 691 1426 pulcerrima
702 1364 809 1427 primum
887 1397 889 1405 ι
908 1376 911 1382 ·

189 1452 225 1499 DI
237 1466 364 1512 morasque
373 1451 464 1514 dabunt
474 1452 562 1512 vestri3
579 1459 632 1500 tum
642 1460 722 1501 cetera
732 1453 817 1502 reddet

190 1541 307 1589 Actutum
318 1540 372 1602 pius
383 1541 484 1598 Encas,
496 1548 567 1602 atque
576 1541 668 1601 integer
678 1541 722 1590 asvi

190 1628 321 1694 Ascanius,
332 1627 413 1676 meriti
424 1627 485 1676 tanti
497 1642 547 1676 non
557 1628 678 1685 ducemur
688 1630 812 1691 uniquam.

191 1718 270 1764 Immo
280 1730 325 1776 ego
336 1730 390 1775 vos,
401 1716 439 1764 cui
451 1718 504 1765 sola
514 1718 579 1765 salus
591 1717 699 1779 genitore
709 1718 819 1779 reducto,

190 1804 288 1867 Excipit
298 1805 427 1865 Ascanius,
437 1820 481 1867 per
491 1819 602 1866 maguus,
614 1806 683 1866 Nise,
695 1805 803 1865 Penatis,

99 1936 102 1939 .
189 1894 349 1955 Assaracique
360 1895 710 1956 Larem‚etcanaepenetralia
720 1897 809 1957 Veste,
866 1932 867 1935 ,

192 1971 308 2032 Obtcstor
318 1982 485 2044 (quaecumque
495 1980 556 2044 mihi
567 1982 666 2030 fortuna
677 1982 784 2045 fidesque
794 1989 841 2043 cst,
878 2043 880 2047 ⁷
958 2010 960 2015 ·

192 2074 221 2119 lu
232 2070 318 2119 vestris
328 2082 395 2133 pono
405 2068 527 2131 gremiis):
546 2078 656 2119 revocate
667 2079 810 2133 parentem

190 2159 292 2209 Reddite
302 2166 473 2221 conspectum
490 2158 553 2206 nihil
564 2158 609 2206 illo
619 2157 690 2207 triste
700 2168 804 2222 recepto.
848 2213 851 2219 ,

192 2248 256 2297 Bina
265 2249 438 2310 dabu'argento
448 2250 553 2310 perfecta
563 2255 635 2309 atque
646 2260 730 2309 aspera
740 2247 815 2309 siguis

190 2337 292 2397 Pocula,
304 2335 396 2385 devicta
406 2336 563 2397 genitorum
575 2335 639 2397 cepit
650 2335 736 2383 Arisba
746 2355 755 2397 3
770 2386 773 2391 ,

189 2426 224 2474 Et
233 2426 343 2489 tripodas
353 2425 478 2487 gemin0s3
496 2424 548 2472 auri
560 2424 609 2471 duu
621 2437 708 2484 magua
718 2424 825 2486 talenta

194 2514 297 2563 Cratera
303 2514 440 2574 antiquum,
453 2527 526 2573 quem
538 2513 579 2561 dat
591 2512 691 2561 Sidonia
701 2512 773 2561 Dido.

191 2602 217 2651 Si
229 2616 287 2651 vero
297 2616 383 2664 capere
394 2603 499 2661 ltaliam,
511 2604 658 2665 sceptraque
673 2603 746 2665 potiri

193 2690 328 2751 contigerit
338 2689 434 2749 victori,
445 2697 471 2737 et
481 2690 568 2751 praedae
578 2691 667 2740 ducere
678 2700 768 2741 sortem
778 2712 784 2740 z

191 2779 289 2841 Vidisti,
301 2792 349 2841 quo
359 2780 458 2827 'liunus
469 2781 642 2841 equ0,-quibus
653 2782 703 2831 ibat
712 2782 738 2830 in
753 2782 827 2831 amis
876 2825 878 2833 .

190 2872 301 2919 Aureus:
319 2870 398 2932 ipsum
409 2869 493 2929 illum,
504 2869 609 2932 clipeum
619 2870 752 2932 cristasque
763 2870 880 2932 rubentis,

190 2957 317 3021 Excipiam
328 2958 399 3018 sorti,
408 2959 461 3018 jam
473 2972 537 3006 nunc
547 2965 590 3006 tua
599 2958 707 3020 prumia,
719 2960 786 3008 Nise.

191 3048 312 3095 Praeterea
323 3046 359 3094 bis
373 3060 417 3107 ses
426 3047 520 3107 genitor
531 3046 664 3096 lectissima
675 3055 780 3096 matrum

193 3134 311 3198 Corpora,
318 3135 471 3197 captivosque
481 3136 558 3196 dabit,
568 3150 659 3197 suaque
669 3136 783 3187 omnibus
793 3148 876 3195 arma3
904 3137 908 3145 '
