2334 3734
392 492 549 571 cunnos
566 479 704 571 nsssxn.
879 498 883 502 ’
911 522 959 572 447

161 644 274 697 Vibratos
286 646 365 697 calido
377 649 442 698 ferro
454 650 600 713 myrrhaque
610 650 738 700 madentis.

160 738 205 786 His
217 738 295 798 agitur
306 738 385 788 iuriis.
418 742 529 800 Totoque
541 740 648 788 ardentis
658 740 689 787 ab
700 753 744 788 ore

158 827 273 876 Scintillae
285 828 421 890 absistunt;
439 830 515 877 oculis
527 830 601 878 micat
610 829 706 878 acribus
718 828 789 890 ignis.

157 917 266 977 Mugitus
277 918 351 978 ueluti
361 932 417 966 cum
429 920 508 979 prima
519 920 543 966 in
555 920 642 981 proelia
653 927 737 967 taurus

158 1006 289 1055 Territicos
299 1007 356 1065 ciet,
368 1015 441 1068 atque
452 1008 522 1056 irasci
534 1009 559 1055 in
570 1022 663 1056 cornua
676 1016 764 1067 tentat,

156 1093 260 1143 Arboris
274 1095 379 1144 obnixus
390 1103 477 1144 trunco
487 1116 495 1157 3
513 1104 645 1155 ventosque
656 1097 755 1145 lacessit
819 1134 824 1139 .

158 1182 258 1244 Ictibus,
270 1191 295 1232 et
305 1198 388 1246 sparsa
399 1184 430 1232 ad
440 1198 545 1245 pugnam
557 1182 665 1246 proludit
675 1197 757 1231 arens

190 1272 242 1319 Nec
253 1271 333 1319 minus
346 1272 439 1320 interea
450 1272 567 1320 maternis
579 1285 656 1319 saevus
667 1270 693 1319 in
704 1270 789 1319 armis-

154 1359 244 1409 AEneas
255 1360 320 1409 acuit
331 1361 447 1418 Martem,
460 1367 522 1407 etse
534 1360 635 1407 suscitat
647 1357 694 1419 ira,

157 1448 247 1497 Oblato
259 1448 363 1509 gaudens
374 1449 479 1511 conponi
491 1448 581 1497 soedere
593 1449 695 1496 bellurn.

157 1537 223 1584 Tum
235 1536 314 1585 socios
327 1537 451 1599 maestique
463 1545 554 1586 metum
567 1538 660 1586 solatur
672 1537 729 1598 Iuli,

157 1625 216 1673 Fata
227 1625 315 1674 docens
325 1645 333 1687 3
350 1626 447 1687 regique
455 1626 525 1687 jubet
535 1640 653 1687 responsa
663 1625 751 1674 Latino

159 1714 232 1762 Certa
242 1713 334 1761 referre
345 1713 421 1773 viros,
430 1722 454 1761 et
465 1713 529 1775 pacis
541 1713 621 1761 dicere
632 1714 706 1774 leges.

187 1804 288 1851 Postera
298 1802 338 1849 vix
345 1816 453 1851 summos
464 1804 590 1865 spargebat
600 1802 694 1851 lumine
705 1801 797 1851 montis

156 1889 219 1938 Oria
228 1890 296 1951 dies;
314 1905 369 1939 curn
380 1891 485 1953 primum
497 1892 546 1941 alto
560 1907 586 1940 se
596 1891 691 1952 gurgite
701 1892 794 1939 tollunt

157 1978 221 2027 Solis
232 1979 298 2040 equi,
308 1980 435 2041 lucemque
447 1980 516 2029 elatis
527 1980 626 2028 naribus
634 1982 716 2028 efflant
727 2000 733 2029 ι

155 2067 274 2128 Campum
286 2066 316 2114 ad
327 2075 447 2115 certarnen
460 2081 551 2126 magnas
563 2069 608 2115 sub
621 2067 744 2116 moenibus
754 2067 823 2115 urbis

155 2154 266 2203 Dimensi
277 2155 407 2215 Rutulique
415 2154 460 2201 viri
468 2154 604 2215 Teucrique
614 2157 733 2216 parabant
743 2174 751 2216 ;

156 2246 185 2292 ln
197 2243 324 2305 medioque
336 2244 402 2291 iocos
414 2251 438 2291 et
447 2243 487 2291 dIs
496 2222 666 2292 conmunibus
679 2258 733 2292 aras

156 2338 308 2385 Gramineas.
342 2335 391 2383 Alii
401 2335 541 2395 fontemque
553 2336 681 2396 ignemque
692 2335 812 2393 ferebant,

155 2425 235 2474 Velati
246 2424 316 2483 limo,
327 2432 352 2472 et
362 2424 466 2472 verbena
477 2431 587 2485 tempora
597 2421 679 2470 vincti.

158 2512 270 2562 nocent
279 2512 342 2573 legio
353 2510 517 2571 Ausonidum,
528 2510 649 2573 pilataque
660 2510 737 2573 plenis

158 2600 262 2661 Agmina
272 2614 297 2649 se
308 2599 414 2648 fundunt
424 2599 509 2662 portis.
544 2598 607 2646 Hinc
618 2597 707 2647 'licius
718 2597 808 2659 omnis,

159 2682 347 2751 Tyrrhenusque
358 2688 407 2736 ruit
419 2688 491 2736 variis
504 2686 626 2735 exercitus
637 2686 728 2748 armis;

160 2777 231 2825 Haud
242 2792 310 2827 secus
322 2778 433 2827 instructi
444 2778 520 2837 ferro,
530 2791 602 2839 quarn
614 2776 636 2824 si
647 2790 730 2839 aspera
741 2775 828 2824 Martis

159 2867 243 2926 Pugna
254 2872 329 2913 vooet.
363 2868 413 2913 Nec
424 2882 473 2913 non
486 2866 608 2914 mediisin
617 2864 725 2912 millibus
735 2863 781 2926 ipsi

158 2956 275 3003 Ductores
287 2967 346 3001 auro
357 2953 460 3003 volitant
471 2959 585 3016 ostroque
597 2952 690 3013 decori,

157 3044 190 3092 Et
199 3058 274 3105 genus
285 3043 396 3091 Assaraci
408 3045 559 3104 Mnestheus,
571 3051 597 3091 et
608 3042 678 3091 fortis
690 3042 788 3105 Asylas,

156 3132 188 3180 Et
198 3133 324 3196 Messapus
334 3146 423 3195 equum
435 3132 551 3193 domitor,
564 3131 687 3193 Neptunia
697 3130 786 3191 proles.
