2334 3734
242 502 272 550 66
460 500 487 548 Ρ.
504 497 640 547 viminu
664 495 817 545 Muttonis

241 628 399 686 Adsuescsnt,
411 638 564 687 summusque
575 624 645 686 sequi
654 623 762 672 tsbulutu
771 637 815 686 per
826 623 915 672 ulmos,

272 719 320 777 Ac,
332 715 391 763 dum
401 713 480 778 primu
489 712 557 762 novis
568 711 685 762 adolescit
694 710 820 760 frondibus
830 718 900 772 totos,

244 801 393 852 Parcendum
404 800 511 862 teneris;
529 808 564 860 et,
575 801 634 850 dum
646 801 757 848 solutus
766 798 797 848 sd
807 812 878 848 sures

243 892 338 940 Pelmes
349 889 407 951 ugit,
418 889 480 938 lexis
492 903 534 951 per
545 903 633 951 purum
644 887 760 937 inmissus
770 888 881 949 habenis,

243 981 298 1044 Ipsa
308 979 359 1028 scie
369 978 477 1026 nondum
489 977 557 1026 fulcis
568 977 698 1038 tenturum
715 976 758 1026 sed
765 975 837 1025 uncis

245 1067 376 1131 carpendo
387 1065 497 1115 manibus
508 1047 617 1125 frondes,
627 1064 738 1126 interque
748 1063 866 1125 legendos.

245 1155 314 1214 inde,
326 1155 368 1203 ubi
376 1156 428 1215 jnm
438 1153 523 1204 validis
533 1154 653 1217 sniplexoe
663 1151 777 1215 stirpibus
787 1153 868 1199 ulmos

246 1244 367 1304 Exierint,
378 1252 431 1294 tum
443 1242 533 1304 stringe
544 1255 637 1302 comes,
648 1249 701 1291 tim
711 1242 813 1290 brachis·
819 1242 906 1291 tonde:

246 1334 310 1382 Ante
321 1330 481 1380 reformidant
490 1331 596 1380 ferrum:
613 1337 666 1378 tum
677 1329 780 1392 denique
790 1329 852 1378 dure

247 1421 340 1469 Exerce
350 1418 460 1482 imperia,
471 1426 496 1468 et
506 1432 587 1466 ramos
599 1431 716 1479 conpesce
726 1416 832 1466 fluentis.

281 1506 403 1556 Texendae
415 1519 488 1568 sepes
499 1505 583 1565 etimn,
594 1512 620 1554 ct
630 1517 701 1568 pecus
712 1518 786 1553 omne
794 1504 937 1566 tenemium,

250 1593 372 1657 Praecipue
383 1593 442 1642 dum
453 1593 522 1641 frons
532 1599 617 1641 tenera
627 1591 805 1656 inprudensque
815 1593 941 1642 laborum:

251 1681 307 1742 Cui,
319 1695 390 1745 super
401 1680 511 1742 indignus
521 1679 615 1730 hiemes
625 1681 749 1743 solemque
758 1689 891 1744 potentem,

250 1768 376 1824 Silvestrss
387 1768 426 1818 uri
434 1766 533 1817 adsidue
543 1781 684 1832 espreaeque
694 1782 807 1830 sequaces

251 1855 379 1916 luludunt,
390 1863 520 1918 pascuntur
531 1869 587 1904 oves
599 1855 722 1918 avidoque
730 1857 848 1917 juveneoe.

251 1944 352 2006 Frigora
361 1958 405 1993 nec
417 1951 511 1993 tantum
522 1957 582 1994 esna
591 1951 703 1992 conmetu
713 1943 810 2007 pruina,

252 2034 303 2082 Aut
312 2033 389 2094 gravis
401 2032 541 2084 incumbens
553 2032 659 2095 scoprrlis
670 2033 794 2082 arentibus
803 2041 886 2094 seems,

253 2123 377 2186 Quantum
388 2120 425 2170 illi
436 2135 539 2172 nocuere
551 2135 645 2183 greges,
656 2120 758 2182 durique
768 2135 886 2170 vencnum

254 2209 350 2269 Dentis,
360 2217 385 2259 et
394 2209 507 2260 admorso
519 2209 611 2270 signata
620 2209 646 2257 in
658 2207 733 2272 stirpe
743 2209 852 2258 desum.

255 2299 278 2346 N
279 2311 311 2346 on
323 2298 394 2347 alium
407 2299 438 2346 ob
449 2298 545 2360 culpem
555 2297 652 2345 Baccho
662 2310 733 2360 cuper
742 2297 856 2347 omnibus
865 2298 915 2348 uris

255 2384 371 2443 Creditur,
383 2391 408 2433 ct
418 2392 508 2432 veteres
519 2383 604 2433 ineunt
612 2384 738 2446 proscenia
751 2385 814 2445 ludi,

255 2471 405 2534 Praemieque
415 2471 517 2532 ingeniis
527 2485 600 2534 pagos
611 2479 637 2520 et
646 2473 752 2536 compita
761 2474 852 2523 circum

254 2559 367 2610 'Ibesidae
379 2573 497 2622 posuere3
513 2567 586 2622 atque
596 2560 659 2609 inter
667 2563 755 2625 poculo
764 2563 817 2612 loeti

256 2647 373 2696 Mollibus
384 2646 410 2694 in
421 2647 494 2708 pratis
506 2654 592 2696 unctos
603 2647 697 2697 saluere
707 2663 750 2712 per
759 2657 833 2700 utres.

256 2736 307 2783 Nec
318 2747 367 2782 non
378 2733 491 2794 Ausonii,
502 2735 577 2795 'irojs
586 2748 644 2795 gens
654 2735 739 2796 missu,
750 2737 831 2786 coloni

255 2821 371 2870 Versibus
382 2820 494 2868 incomtis
506 2820 594 2870 ludunt
604 2822 702 2885 risuque
711 2825 809 2886 soluto3

256 2911 353 2971 Orsque
363 2908 492 2958 corticibus
504 2918 604 2961 sumunt
615 2912 736 2962 horrendo
745 2913 852 2976 muscia

256 2998 288 3045 Et
299 3005 333 3057 te,
345 2997 448 3057 Bacche,
460 3004 547 3046 vocant
557 3012 600 3061 per
609 2999 718 3048 cumina
727 3001 794 3063 iustu,
805 3001 896 3064 tibique

256 3081 349 3132 Osciilu
359 3095 390 3131 ex
400 3083 449 3132 nite
459 3083 608 3147 suspendunt
618 3086 702 3134 mollis
712 3088 778 3151 pinu.
