2334 3734
182 602 184 605 ,
205 545 253 592 na
427 541 455 589 r.
471 538 608 588 mnornu
624 538 778 587 usaours

208 670 407 733 contigimusque
417 684 528 729 manum,
540 682 589 731 qua
598 666 705 717 ooncidit
714 665 762 715 llis
769 665 852 716 tellus

207 762 253 812 Ille
265 762 351 811 urbem
362 761 515 825 Argyripam,
525 760 610 823 patriae
620 758 766 820 cognomine
775 758 864 821 gentis,

207 852 291 901 Victor
302 850 408 912 Gargani
417 849 536 909 condebat
546 847 640 911 Iapygis
652 847 724 897 arvis.

209 944 340 1003 Postquam
350 938 502 1001 introgressi,
510 936 538 987 'et
547 952 631 987 coram
641 936 698 986 data
707 937 777 1000 copia
788 936 868 986 fandi:

209 1033 314 1081 Munera
325 1027 487 1093 preterimus,
499 1040 589 1077 nomen
600 1025 751 1088 patriamque
762 1025 890 1088 dooemus;

210 1118 259 1175 Qui
268 1120 361 1167 bellum
371 1115 507 1175 intulerint,
518 1129 571 1177 quae
582 1127 668 1163 caussa
678 1113 812 1162 adtraxemt
821 1114 909 1177 Arpos.

210 1207 307 1259 Auditis
319 1207 361 1255 ille
372 1207 424 1254 haec
435 1204 530 1268 placido
539 1204 573 1252 sic
583 1202 688 1252 reddidit
695 1217 752 1251 ore:

212 1297 235 1347 0
247 1295 376 1345 fortunam
387 1301 480 1355 gentes,
493 1292 702 1353 saturninam,

212 1383 314 1446 Antiqui
325 1381 438 1440 Ausonii,
450 1395 503 1442 quae
513 1394 556 1429 vos
567 1380 668 1428 fortuma
678 1379 772 1442 quietos

212 1472 342 1531 Sollicitat,
354 1470 485 1532 suadetque
496 1468 578 1530 ignota
587 1469 706 1518 lacessere
717 1469 803 1517 bella?

212 1560 364 1621 Quicumque
375 1559 461 1607 iliacos
472 1558 538 1606 ferro
550 1556 693 1605 violavimus
703 1571 773 1619 agros

212 1648 300 1713 (Mitto
311 1662 350 1708 ea,
361 1662 414 1709 quae
425 1646 501 1695 muris
510 1645 626 1695 bellando
636 1646 754 1695 exhausta
765 1647 811 1695 sub
821 1647 886 1708 altis,

214 1739 281 1791 Quos
293 1735 383 1785 Simois
393 1742 487 1798 premat
497 1734 539 1782 ille
550 1732 641 1795 viros),
652 1734 752 1783 infanda
762 1749 804 1799 per
815 1735 899 1783 orbem

214 1823 342 1887 Supplicia
347 1831 372 1871 et
382 1824 500 1871 scelerum
512 1837 596 1886 poenas
606 1823 765 1886 expendimus
776 1838 873 1885 omnes,
921 1886 928 1894 Ι

214 1914 259 1962 Vel
270 1912 368 1959 Priamo
380 1910 516 1960 miseranda
525 1925 627 1959 manus:
645 1912 697 1961 Scit
706 1912 776 1961 triste
787 1912 903 1962 Minervae

214 1998 296 2057 Sidus,
307 2006 332 2047 et
343 1998 456 2045 Euboicae
466 2006 559 2059 cautes,
570 2000 685 2061 ultorque
696 1994 847 2062 caphereus

214 2086 306 2136 Militia
317 2100 348 2135 ex
359 2085 404 2135 illa
413 2086 534 2137 diversum
546 2088 576 2137 ad
586 2089 644 2138 litus
656 2090 743 2149 adacti,

215 2175 313 2227 Atrides
325 2176 406 2226 Protei
417 2178 545 2228 Menelaus
552 2179 658 2240 adusque
667 2180 794 2228 oolumnas

218 2268 339 2330 Exsulat3
356 2268 465 2317 AEtnaeos
474 2267 535 2316 vidit
546 2268 661 2332 Cyclopas
673 2268 769 2317 Ulixes.

217 2361 302 2421 Regna
312 2356 466 2421 Neoptolemi
477 2360 592 2418 referam,
602 2372 732 2420 versosque
743 2356 839 2407 Penatis

215 2446 340 2496 Idomenei
350 2449 361 2494 ἓ
379 2446 500 2509 Libycone
511 2446 648 2496 habitantes
657 2447 730 2495 litore
741 2448 852 2497 botros?

216 2535 270 2597 Ipse
280 2537 416 2597 Mycenaeus
427 2548 569 2595 magnorum
580 2536 666 2584 ductor
676 2535 795 2584 Achivom

218 2622 333 2683 conjuga
344 2622 448 2670 infandae
459 2624 538 2684 prima
548 2624 613 2673 intra
619 2624 706 2673 limina
716 2624 802 2673 dextra

216 2708 339 2773 Oppetiit;
357 2708 474 2759 devictam
485 2708 568 2759 Asiam
579 2712 687 2762 subsedit
698 2712 801 2761 adulter.

217 2798 333 2848 Invidisse
341 2799 408 2859 deos,
420 2798 503 2862 patriis
512 2807 539 2848 ut
550 2800 658 2851 redditus
667 2802 716 2851 aris

217 2889 362 2950 Coniugium
374 2876 483 2952 optatum
494 2898 519 2940 et
529 2891 639 2954 pulcram
648 2892 776 2955 Calydona
788 2890 905 2941 riderem!

218 2979 290 3025 Nunc
300 2978 373 3027 etiam
384 2979 495 3028 horribili
502 2980 555 3030 visu
565 2988 677 3043 portenta
688 2989 832 3044 aequarer,

216 3066 248 3113 Et
258 3064 318 3113 socii
327 3066 408 3115 amissi
419 3067 540 3129 petierunt
549 3070 640 3118 aetbera
650 3072 747 3132 pennis,

216 3150 415 3213 Fluminibusque
427 3162 541 3213 vagantur
551 3168 607 3204 aves
621 3158 680 3220 (ben
690 3157 744 3207 dira
754 3170 864 3207 meorum
