2334 3734
199 545 248 595 nro
430 544 458 592 r.
474 513 613 593 vmduu
630 537 784 590 unaorus

201 678 273 726 Heu!
291 674 406 738 quianam
414 672 478 726 tanti
488 673 619 723 cinxerunt
629 671 723 720 aethera
733 665 829 717 nimbi?

201 744 306 828 Quidve,
318 773 386 830 pater
399 767 523 829 Neptune,
534 766 625 828 paras?
645 761 685 812 Sic
697 759 784 810 deinde
794 760 890 809 locutus

204 855 333 919 conligere
344 871 413 906 arma
420 858 501 918 Jubet,
512 855 646 918 validisque
657 853 798 902 incumbere
808 849 899 913 remis;

204 945 368 1018 obliquatque
378 947 447 995 sinus
455 945 481 995 in
494 953 604 1006 ventum,
616 959 644 993 ac
654 943 714 994 talia
724 943 802 992 fatur:

204 1037 361 1099 Magnanimo
368 1038 457 1098 AEnea‚
469 1052 531 1097 non,
543 1036 565 1084 si
576 1034 638 1084 mihi
649 1033 762 1097 iuppiter
773 1039 858 1082 auctor

204 1127 338 1191 spondeat,
349 1128 396 1177 hoc
407 1142 502 1192 sperem
514 1126 611 1176 ltaliam
622 1125 762 1187 contingere
774 1124 846 1174 coelo.

205 1220 294 1269 Mutati
305 1228 444 1269 transversa
453 1222 571 1280 fremunt,
583 1226 609 1269 et
618 1233 717 1282 vespere
728 1219 758 1267 ab
769 1225 822 1267 atro

206 1311 363 1373 Consurgunt
372 1311 450 1370 venti,
460 1318 533 1373 atque
545 1310 572 1359 in
583 1311 674 1359 nubem
685 1308 779 1371 cogitur
790 1321 839 1356 aer.

205 1401 257 1449 Nee
268 1414 314 1450 nos
325 1400 404 1450 obniti
414 1407 510 1461 uonna,
522 1415 567 1449 nec
578 1380 680 1450 tendere
690 1406 786 1448 tantum

206 1490 352 1540 sufficimus.
385 1492 489 1554 Superat
498 1489 615 1553 quoniam
628 1491 746 1550 Fortuna,
758 1501 899 1552 sequamur,

207 1581 310 1643 Quoque
320 1588 400 1641 vocat,
411 1588 533 1630 vertamus
542 1580 597 1631 iter.
631 1583 684 1630 Nec
694 1580 769 1629 litora
779 1581 852 1642 longe

208 1669 268 1719 Fida
277 1686 334 1720 reor
345 1674 452 1721 fraterna
463 1670 557 1735 Erycis,
569 1679 703 1735 portusque
715 1670 815 1720 Sicanos
825 1688 832 1718 s

207 1759 234 1809 Si
245 1761 318 1810 modo
330 1761 376 1810 rite
387 1776 482 1811 memor
493 1769 587 1810 serrata
598 1761 714 1810 remetior
725 1768 798 1810 ostra.

206 1850 336 1913 Tampius
347 1851 451 1900 AEneas:
469 1850 589 1912 Equidem
600 1851 634 1900 aio
646 1865 744 1914 poscere
757 1857 842 1900 ventos

206 1939 367 2000 Jamdudu'm,
378 1949 403 1989 et
413 1941 504 1990 frustra
515 1955 590 1990 cerno
601 1948 625 1989 te
634 1940 733 1990 tendere
743 1949 837 1990 contra.

207 2029 288 2078 Flecte
298 2029 362 2077 viam
372 2029 440 2079 velis.
473 2031 514 2079 dn
522 2030 555 2079 eit
566 2030 628 2079 mihi
639 2029 730 2091 gratior
741 2031 803 2090 ulla,

207 2119 291 2173 Quove
302 2118 377 2182 magis
388 2121 464 2170 fessas
475 2129 559 2184 optem
570 2119 697 2170 demittere
709 2120 788 2180 naria,

207 2210 287 2263 Quam
299 2224 354 2272 quae
365 2211 516 2260 Dardanium
525 2212 600 2260 tellus
612 2211 674 2259 mihi
690 2217 769 2260 serrat
779 2211 894 2272 Acesten,

206 2299 239 2348 Et
249 2300 324 2362 patris
335 2300 448 2350 Anchisa
459 2301 552 2362 gremio
562 2299 725 2364 oonplectitur
736 2301 812 2349 ossa?

208 2390 266 2438 Hane
276 2390 318 2438 ubi
328 2389 403 2451 dicta,
414 2397 501 2454 petunt
507 2399 603 2454 portus,
614 2391 703 2440 etrele
714 2388 814 2438 secundi

208 2481 340 2530 intendunt
351 2483 453 2546 Zephyri
463 2503 471 2544 3
489 2483 567 2531 fertur
577 2483 626 2531 cita
636 2482 729 2544 gurgite
740 2480 841 2543 classis3

206 2571 239 2620 Et
250 2572 348 2621 taudem
359 2572 411 2620 laeti
423 2581 490 2621 notre
501 2573 659 2633 aduenturntur
670 2586 760 2622 areum.

239 2662 274 2709 At
283 2662 369 2723 procul
380 2662 477 2710 exoelao
487 2662 591 2711 miraturo
602 2662 691 2711 vertice
703 2662 793 2711 montis

207 2749 346 2798 Adventum
357 2750 483 2812 sociaeque
493 2758 569 2810 rates,
580 2751 688 2799 occurrit
700 2751 809 2811 Acestes,
866 2787 869 2794 ‚

209 2818 340 2900 Horridus,
349 2840 375 2888 in
384 2839 472 2901 jaculis
480 2846 507 2889 et
514 2841 578 2903 pelle
589 2839 720 2903 Libystidis
730 2855 813 2890 ursaet

206 2929 282 2978 'Itoia
291 2929 397 2979 crimino
408 2937 552 2992 oonoeptum
563 2929 664 2978 flumine
677 2937 754 2980 mater

208 3021 288 3075 Quem
298 3019 389 3081 genuit.
422 3023 538 3070 Veterum
549 3034 600 3069 non
612 3019 733 3069 inmemor
744 3019 788 3070 ille
799 3029 925 3084 parentum

208 3110 325 3158 Gratamr
334 3109 445 3171 reduced
456 3118 482 3160 et
491 3123 549 3171 gara
559 3111 630 3159 latus
642 3109 731 3171 agresti

206 3197 313 3272 Exeipit,
325 3213 353 3248 ae
363 3199 441 3248 fessos
452 3199 539 3263 opibus
548 3200 641 3248 solatur
655 3199 747 3249 amiam.
