2334 3734
199 545 247 592 leo
421 546 447 592 P·
465 541 603 592 vrnolnll
621 541 774 591 MARONIS

198 673 301 722 Libebat
310 673 388 722 cineri
399 672 581 732 Andromache,
594 671 724 734 Manisque
736 671 838 720 vocabat

201 766 350 814 Hectoreum
359 763 390 813 ad
399 765 536 813 mmulum:
554 762 627 812 viridi
639 777 711 825 quem
725 761 815 824 cespite
824 761 934 821 inanem,

200 855 233 902 Et
244 852 363 914 geminas,
373 868 483 903 caussam
495 854 615 915 lacrimis,
627 862 763 904 sacraverat
779 867 840 905 aras.

202 945 238 993 Ut
249 957 289 992 me
299 944 427 1006 conspexit
436 944 585 1005 venientem,
595 953 621 993 et
630 943 707 993 Troia
717 943 810 992 circum

201 1037 279 1083 Anna
290 1048 374 1084 amens
385 1034 460 1083 vidit:
478 1036 572 1097 magnis
583 1036 702 1085 exterrita
707 1035 823 1084 monstris

201 1124 313 1186 Deriguit
323 1125 377 1187 visu
387 1126 414 1174 in
425 1126 523 1189 medio;
539 1128 607 1175 calor
618 1141 675 1176 ossa
685 1125 792 1188 reliquit.

202 1215 313 1276 babitu,
322 1223 348 1264 et
357 1217 432 1278 longo
443 1216 484 1264 rix
494 1216 593 1265 tandem
605 1225 715 1279 tempore
726 1217 808 1264 fatur:

202 1305 298 1354 Verane
308 1313 334 1354 te
344 1305 429 1366 facies,
439 1320 511 1355 verus
521 1306 583 1354 mihi
594 1305 695 1368 nrmtius
706 1305 797 1366 adius,

204 1395 268 1442 Nate
278 1394 340 1443 dea?
359 1395 471 1444 vivisne?
491 1404 544 1456 aut,
556 1396 578 1444 si
588 1397 633 1444 lux
651 1397 717 1445 alma
727 1395 837 1455 recessit,

205 1485 298 1534 Hector
307 1486 349 1535 ubi
360 1490 417 1536 est?
436 1486 509 1548 dixit,
520 1485 682 1548 lacrimasque
692 1485 787 1546 effudit,
799 1491 823 1534 et
834 1499 931 1534 omnem

206 1578 311 1642 Inplevit
321 1579 429 1627 clamore
440 1580 532 1627 locum⁶
564 1577 613 1628 Vix
625 1592 701 1642 pauca
709 1577 800 1627 fluenti

205 1667 323 1728 subjicio,
334 1677 360 1717 et
370 1667 433 1717 raris
443 1669 555 1718 mrbams
561 1668 661 1717 vocibus
671 1667 748 1717 hisco.

207 1757 269 1806 Vtro
280 1757 403 1820 equidem,
415 1757 538 1820 vitamque
547 1765 658 1807 extrema
668 1771 713 1821 per
723 1757 807 1806 omnia
818 1755 888 1806 duco.

208 1851 246 1897 Ne
256 1849 354 1898 dubita:
373 1864 429 1898 nam
440 1865 498 1898 vera
507 1849 583 1898 rides.

207 1941 263 1987 Heu
272 1943 278 1987 !
297 1940 352 2002 quis
362 1948 388 1989 te
398 1953 468 1988 casus
477 1940 596 2000 dejectam
607 1941 710 2000 conjuge
720 1946 790 1986 tanto

206 2027 323 2091 Excipit?
342 2036 385 2077 ant
395 2043 449 2089 quae
461 2029 534 2090 digna
545 2028 605 2077 satis
617 2030 726 2078 Fortuna
731 2028 833 2078 revisit?

209 2117 321 2166 Hectoris
332 2116 504 2166 Andromache
516 2116 630 2181 Pyrrhin'
641 2117 875 2186 connubia-servas?

208 2205 303 2268 Deiecit
309 2208 414 2267 voltum,
425 2215 451 2255 et
460 2207 566 2257 demissa
575 2221 635 2257 voce
644 2209 727 2258 locuta
737 2216 788 2258 est:

208 2298 231 2347 0
244 2297 304 2346 felix
314 2312 365 2347 una
376 2305 433 2348 ante
443 2297 504 2347 alias
516 2298 638 2348 Priameia
648 2299 727 2360 virgo,

210 2388 332 2437 Hostilem
341 2388 372 2438 ad
382 2390 505 2437 tumulum
515 2390 598 2450 Troiae
609 2391 655 2438 sub
666 2388 788 2439 moenibus
799 2388 855 2437 altis

207 2481 281 2528 iussa
291 2478 366 2538 mori,
374 2492 429 2539 quae
439 2477 540 2526 sortitus
547 2492 598 2526 non
609 2478 710 2541 pertulit
720 2478 797 2537 ullos,

209 2570 262 2618 Nec
272 2569 372 2617 victoris
383 2569 437 2617 heri
447 2569 527 2630 tetigit
536 2569 631 2632 captiva
638 2569 731 2618 cubile!

208 2659 272 2717 Nos,
284 2655 363 2720 patria
374 2656 484 2717 incensa,
493 2657 589 2706 diversa
600 2673 643 2721 per
654 2672 752 2721 aequoru
762 2668 847 2719 veetae,

207 2746 295 2810 Stirpis
303 2746 422 2795 Achillem
433 2750 520 2807 tostus,
530 2750 692 2810 Juvenemque
702 2750 844 2813 superbum,

209 2835 315 2886 Servitio
326 2836 416 2897 enixae,
428 2837 529 2886 tulimus
539 2857 547 2899 ;
566 2839 615 2893 Qui
627 2838 724 2900 deinde,
736 2847 832 2890 secutus

210 2925 323 2975 Ledaeam
335 2926 486 2976 Hermionen
498 2929 742 2992 Lacedaemoniosque
757 2931 914 2996 Hymenaeos,

209 3019 252 3066 Me
263 3017 356 3066 famulo
364 3019 531 3082 famulamque
541 3021 638 3070 Heleno
649 3020 786 3070 transmisit
795 3021 941 3071 habendam.

209 3109 257 3156 Ast
267 3107 349 3168 illum,
360 3117 450 3173 ereptae
462 3125 551 3172 magno
561 3111 727 3160 inflammatus
738 3125 822 3160 amore

211 3197 339 3259 conjugis,
350 3206 376 3248 et
386 3199 506 3249 scelerum
517 3199 598 3250 Furiis
610 3200 723 3262 mmsis,
736 3201 836 3250 Orestes
