2334 3734
389 544 587 594 GEORGIGON
604 545 667 593 LlB.
685 546 727 594 lv.
916 548 961 601 loa

155 673 189 720 Et
199 686 266 750 saepe
277 671 400 722 adtollunt
410 673 530 734 humeris,
539 683 564 723 et
574 687 679 736 corpora
688 674 755 723 bello

156 762 300 824 Obiectaut,
312 763 469 826 pudoremque
479 770 565 826 petunt
576 777 620 826 per
629 764 730 811 volnera
740 771 853 814 mortem.

190 850 237 899 llis
249 851 349 912 quidam
360 851 445 912 signis,
457 860 529 914 atque
540 853 593 900 haec
604 853 717 914 exempla
726 851 814 913 secuti,

156 943 220 990 Esse
231 941 315 1003 apibus
326 948 420 1004 partem
432 941 519 990 dividae
530 941 620 991 mentis
631 950 657 991 et
667 943 769 991 haustis

157 1031 379 1080 AEtlrerios-dixere
390 1051 398 1093 3
414 1032 487 1081 deum
498 1046 603 1093 nemque
611 1031 648 1080 ire
657 1045 702 1094 per
712 1032 793 1080 omnis

156 1121 307 1182 Terraeque,
318 1127 457 1183 tractuque
468 1119 553 1180 maris,
565 1121 703 1182 coelumque
711 1121 874 1183 profrmdume

160 1209 227 1257 Hinc
236 1208 352 1271 pecudes,
364 1217 484 1268 armenta,
495 1209 572 1269 viros,
584 1223 660 1270 genus
671 1223 746 1257 omne
756 1209 875 1270 seranum,

160 1303 290 1361 Quemque
301 1298 348 1347 sibi
359 1298 439 1348 tenuis
449 1305 590 1348 nascentem
602 1311 724 1346 aroeeserc
734 1298 795 1347 vitas
805 1318 814 1360 ;

161 1388 261 1439 Scilicet
270 1388 319 1437 huc
330 1387 398 1436 reddi
409 1387 496 1436 deinde
507 1401 536 1436 ac
546 1388 656 1436 resoluta
666 1386 753 1435 referri

160 1477 269 1540 Omnia3
287 1491 332 1526 nec
343 1477 417 1526 morti
428 1491 481 1526 esse
491 1478 589 1538 locum;
606 1476 651 1524 sed
660 1475 714 1524 rina
723 1476 807 1524 volare

161 1567 254 1618 Sideris
266 1567 292 1616 in
304 1581 446 1627 numerum,
458 1574 530 1628 atque
540 1568 592 1617 alto
603 1566 731 1616 succedere
741 1567 814 1616 ooelo.

195 1659 222 1708 Si
233 1656 330 1720 quando
341 1657 423 1706 sedem
435 1664 562 1718 annotatam
572 1663 713 1717 senatuque
725 1655 799 1703 mella

160 1747 294 1797 'l'hesauris
305 1747 412 1796 relines:
429 1747 497 1809 prius
508 1746 599 1794 haustu
608 1757 707 1807 sparsim
716 1757 834 1806 aquarum

166 1836 219 1886 Ore
229 1836 296 1896 iove,
307 1835 437 1896 fumosque
448 1849 524 1884 mauu
535 1832 658 1897 praetende
670 1831 786 1894 sequacis.

163 1923 207 1975 Bis
218 1924 329 1986 gravidos
340 1931 430 1985 coguat
441 1925 516 1984 fetus,
528 1923 576 1972 duo
587 1930 698 1985 tempora
707 1920 807 1971 messis:

161 2017 272 2079 ¹'l'oygete
282 2014 357 2062 simul
367 2028 396 2062 os
406 2012 478 2062 terris
489 2011 597 2061 ostendit
608 2011 740 2060 honestum

168 2104 244 2164 Plias,
256 2111 281 2152 et
293 2101 386 2152 Oceani
398 2108 492 2163 spretos
504 2100 564 2164 pede
575 2098 666 2162 repulit
675 2097 771 2147 amum:

168 2195 220 2242 Aut
230 2192 316 2242 eadem
328 2190 395 2239 sidus
407 2189 502 2251 fugiens
513 2188 556 2236 ubi
568 2187 646 2236 Piscis
655 2186 741 2249 aquosi

165 2280 271 2330 Tristior
280 2279 396 2328 hibernas
406 2279 469 2326 coelo
481 2275 607 2326 descendit
616 2275 642 2324 iu
653 2274 739 2323 undss.

171 2371 226 2419 lllis·
235 2370 273 2418 ira
284 2368 385 2417 modum
395 2381 469 2430 supra
479 2373 526 2426 est,
538 2366 651 2427 laesaeque
661 2377 782 2412 venenum

169 2459 294 2508 Morsibus
305 2457 436 2520 inspirant,
447 2463 473 2505 et
484 2455 578 2518 spinos
588 2467 653 2503 caeca
661 2451 804 2513 relinquunt

172 2549 266 2598 Adfixae
276 2547 355 2607 venis,
367 2545 507 2606 animasque
519 2544 545 2592 in
554 2544 655 2592 volnere
665 2547 769 2604 pomum.

172 2637 227 2698 Sin,
239 2636 326 2685 duram
337 2641 448 2684 metuens
459 2633 578 2692 hiemem,
589 2643 720 2694 pmoesque
731 2628 827 2687 lutum,

172 2728 343 2787 contunsosque
355 2722 449 2772 animos
460 2729 485 2770 et
496 2734 535 2770 res
546 2719 693 2768 miserabere
703 2718 806 2766 froetasz

171 2818 207 2865 At
217 2816 299 2864 suffire
309 2814 404 2876 thymo,
415 2823 530 2873 cerasque
541 2809 650 2858 recidere
660 2805 751 2865 inanis,

172 2903 235 2961 Quis
245 2903 358 2953 dubitet?
379 2915 436 2950 uam
447 2914 510 2963 saepe
521 2899 589 2947 favos
599 2896 696 2958 ignotis
705 2892 787 2942 adedit

174 2992 262 3044 Stellio
272 3012 281 3054 ς
298 2999 323 3040 et
332 2987 446 3051 lucifisgis
456 2993 571 3048 congesta
580 2983 672 3034 cubilia
680 2980 764 3030 blattis
775 2999 784 3042 3

150 3145 154 3152 .
174 3082 335 3144 lnmuuisque
346 3079 433 3130 sedens
444 3077 525 3128 aliena
536 3075 567 3124 ad
578 3074 667 3138 pabula
677 3072 759 3130 sunu,

177 3173 229 3221 Aut
239 3185 310 3235 asper
320 3169 406 3220 crabro
416 3165 541 3229 inparibus
552 3178 578 3214 se
590 3159 716 3211 inmiscuit
725 3157 800 3208 armis
811 3177 820 3217 ς
