2334 3734
231 531 265 578 42
454 533 482 580 Ρ.
499 531 636 580 VIRGILH
654 529 807 580 MARONIS

233 658 342 718 Circum,
355 673 444 722 perque
456 658 515 708 duaa
527 659 552 707 in
565 659 888 719 murmurmurmur,

230 750 318 796 Arctos
331 747 423 798 Oceani
434 748 564 796 metuentis
575 763 676 811 aequore
683 749 777 810 tingui:

229 837 294 897 lllie,
306 844 334 885 ut
344 837 481 900 perhibent,
494 845 536 886 aut
547 839 693 901 intempesta
703 839 761 887 silet
771 853 833 898 nox,

231 927 331 988 Semper
342 934 367 974 et
377 927 476 975 obtenta
486 927 620 976 densantur
631 935 704 976 noete
717 930 839 977 tenebret

231 1017 281 1063 Aut
291 1014 354 1064 redit
364 1029 379 1063 a
389 1015 459 1064 nobit
471 1017 577 1075 Aurora,
590 1015 703 1077 diemque
716 1016 828 1078 reducit3

157 1127 166 1138 ·
231 1105 330 1165 Nosque
341 1103 383 1152 ubi
394 1103 486 1167 primus
499 1104 566 1165 equis
579 1103 674 1154 Oriens
683 1104 782 1154 adflavit
793 1104 899 1166 anhelis,

230 1191 284 1242 lilio
295 1207 349 1241 sera
360 1194 449 1240 rubeus
462 1193 574 1241 adcendit
584 1192 683 1242 lumina
691 1196 791 1257 Vesper.

232 1284 295 1334 Hine
305 1291 459 1348 tempestates
471 1284 545 1332 dubio
556 1284 701 1346 praediuoere
714 1285 778 1333 orelo

231 1375 373 1434 Possumus,
385 1373 443 1422 hinc
455 1373 588 1436 messisque
598 1372 662 1421 diem
674 1382 819 1436 tempusque
833 1372 945 1435 aarum

229 1464 261 1511 Et
273 1462 368 1525 quando
380 1463 483 1512 infidum
494 1463 568 1512 remis
579 1462 699 1526 inpellere
709 1477 818 1512 marmor

233 1555 383 1617 Conreuiot3
401 1555 498 1617 quando
510 1561 617 1604 armatae
628 1554 746 1604 ddum
756 1553 858 1617 classim
956 1540 959 1546 ⁵

230 1645 281 1692 Aut
291 1643 457 1706 tempettivam
469 1642 537 1692 silvie
549 1652 659 1692 evertere
670 1643 763 1705 pinum.

264 1734 315 1781 Neo
331 1733 421 1780 frustra
432 1731 558 1793 signorum
570 1733 652 1782 obitur
660 1735 813 1796 opemlamnr
823 1739 850 1782 et
859 1740 939 1792 eruin,

229 1821 438 1883 Temporibusque
448 1834 531 1882 parem
543 1819 644 1870 diverdr
654 1829 758 1883 quaeror
770 1834 870 1869 annum.

229 1908 339 1970 Frigidus
350 1908 481 1969 agricolam
492 1910 512 1958 si
524 1911 623 1972 quaudo
631 1911 742 1960 continet
750 1911 843 1960 imberz

229 1998 319 2058 Multa,
332 1997 413 2046 forent
424 2013 477 2060 quae
488 2014 548 2048 mox
559 2001 623 2048 coelo
633 2000 785 2063 properanda
795 2013 893 2060 sereno,

229 2087 354 2134 Maturare
366 2086 453 2150 datur;
471 2088 558 2136 durum
570 2088 683 2150 procudit
693 2097 775 2137 arator

230 2174 342 2224 Vomerir
354 2176 434 2224 obtusi
446 2177 544 2226 dentem
556 2198 564 2239 3
581 2186 651 2226 cavat
662 2180 751 2227 arbore
759 2177 862 2240 lintree3

229 2265 279 2311 Aut
289 2263 370 2326 pecori
381 2264 477 2325 signum
489 2274 531 2315 aut
542 2280 659 2316 numeror
670 2266 785 2329 inpressit
796 2267 895 2316 werris.

230 2352 360 2399 Exacuunt
369 2351 411 2400 alii
421 2354 499 2401 vallos
512 2354 640 2416 firmaeque
650 2354 768 2417 bioornie,

231 2440 309 2500 Atque
320 2439 437 2488 Amerina
447 2449 533 2503 parant
543 2444 616 2492 lentoe
628 2443 763 2494 retinacula
772 2444 824 2493 viti.

229 2527 253 2574 N
254 2540 302 2574 unc
315 2526 392 2575 facilis
403 2530 479 2577 rubea
489 2538 587 2580 texatur
599 2532 685 2581 derina
694 2533 778 2593 rirga;

230 2615 301 2662 Nunc
312 2622 403 2664 torrete
415 2616 464 2676 igni
475 2618 566 2678 fruger,
578 2633 645 2667 nune
656 2620 762 2680 frangite
772 2634 841 2670 saxo.

230 2701 325 2765 Quippe
336 2703 409 2752 etiam
420 2703 488 2752 iestis
499 2704 610 2766 quaedam
622 2720 737 2756 exercere
746 2708 833 2758 diebus

229 2791 274 2838 Fau
286 2798 311 2840 et
317 2792 375 2850 jnra
386 2791 484 2840 sinunt:
502 2793 567 2842 rivot
579 2794 698 2844 deduoere
709 2799 781 2846 nulla

231 2878 326 2940 Religio
337 2879 421 2940 vetuit,
435 2881 508 2942 segeti
520 2883 781 2948 praetendentem,

229 2967 331 3016 Insidias
342 2969 424 3019 aribus
437 2970 530 3033 moliri,
542 2972 673 3023 incendere
682 2989 778 3038 vepres,

228 3056 407 3119 Balantumque
418 3073 513 3120 gregem
525 3061 601 3111 fluvio
612 3078 720 3113 mereare
734 3066 834 3115 salubri.

232 3143 301 3204 Saepe
312 3141 367 3190 oleo
379 3144 442 3192 tardi
453 3153 532 3196 cottas
543 3148 648 3209 agitator
658 3151 727 3200 aselli
