2334 3734
197 514 245 561 456
407 514 434 561 r.
451 497 588 559 vrnouu
604 510 757 560 ussurus

199 642 274 688 Ferro
285 638 337 687 ausi
348 606 452 699 tentare,
463 640 560 699 ferunt;
578 638 613 686 sic
625 636 717 685 moenia
727 637 844 686 condunt.

201 726 264 775 Huic
275 726 389 775 comitem
402 727 510 775 Asbuten
521 728 633 786 conjecta
642 724 845 787 cuspide'mittit3

203 816 365 877 Chloreaque,
377 815 544 877 Sybarimque,
555 816 702 875 Daretaque,
713 813 949 873 Thersilochumque
960 832 969 874 3

119 902 125 909 '
203 906 235 952 Et
247 904 362 951 sternacis
373 904 429 965 equi
440 904 535 952 labsum
546 905 639 952 cervice
649 906 803 967 lh5moeteu.

156 1024 160 1032 -
197 993 233 1039 Ac
244 993 311 1039 velut
321 992 401 1042 Edoni
412 995 497 1043 Boreae
508 1008 563 1042 cum
576 993 676 1055 spiritus
688 995 738 1042 alto

200 1081 300 1127 insonat
310 1080 405 1141 AEgueo,
417 1081 573 1143 sequiturque
582 1081 613 1128 sd
624 1080 697 1128 litora
707 1081 805 1140 ducms,

199 1169 254 1221 Qua
271 1168 336 1215 venti
348 1167 495 1229 incubuere;
513 1169 596 1229 fugam
609 1169 667 1216 dant
678 1168 762 1216 nebda
771 1169 850 1217 coelo:

201 1255 241 1305 Sic
251 1258 347 1317 lhrno,
360 1270 510 1319 quacumque
521 1258 586 1305 viam
596 1266 670 1316 secat,
682 1257 779 1318 mins
787 1257 885 1316 cedunt,

199 1343 374 1404 Conversaeque
383 1351 458 1391 ruunt
468 1342 531 1391 acies
541 1363 548 1403 ς
566 1343 614 1390 tert
625 1343 721 1404 inpetus
731 1343 822 1405 ipsum,

197 1431 230 1479 Et
241 1430 339 1481 cristam
351 1431 452 1481 adverso
464 1446 537 1479 curru
548 1431 627 1492 quatit
635 1444 695 1479 aura
705 1431 836 1479 volantem.

200 1520 258 1567 Nou
270 1519 327 1567 tulit
338 1520 468 1568 instantem
481 1521 590 1580 Phegeus
601 1519 736 1580 animisque
749 1520 907 1568 frementem:

200 1606 297 1666 Obiecit
308 1620 360 1655 sese
371 1605 401 1655 ad
412 1622 522 1668 currum,
533 1615 558 1655 et
569 1606 706 1671 spumantia
716 1608 792 1655 irenis
970 1605 974 1609 ’

200 1694 252 1743 Ora
263 1694 393 1743 citatorum
404 1695 491 1745 dextra
501 1695 604 1745 detorsit
613 1711 740 1758 equorum.

191 1783 265 1831 'Dum
276 1782 392 1842 trahitur,
401 1784 536 1845 pendetque
543 1785 619 1845 jugis,
631 1785 696 1833 hunc
706 1786 756 1834 lata
766 1792 883 1834 reteetssm

201 1872 296 1920 Lancea
306 1872 472 1933 consequitur,
483 1874 622 1935 rumpitque
631 1874 709 1923 infixe
718 1874 815 1923 bilicem

199 1957 322 2017 Loricam,
333 1965 358 2006 et
369 1973 491 2007 summum
503 1961 615 2021 degustat
624 1962 724 2010 volnere
734 1976 832 2024 corpus.

202 2046 246 2093 llle
257 2052 338 2093 tamen
349 2045 426 2108 clipeo
438 2047 533 2107 objecto
543 2062 673 2098 conversus
684 2050 709 2098 in
721 2050 816 2098 hostem

108 2182 119 2195 ,
201 2134 264 2193 ibat,
274 2140 299 2181 et
310 2134 428 2182 amilium
441 2135 514 2184 dileto
521 2150 638 2185 mucrone
649 2138 759 2198 petebat:

202 2223 265 2270 cum
275 2230 329 2271 rota
340 2223 485 2286 precipitem
497 2232 522 2273 et
532 2238 650 2286 procursu
662 2224 771 2273 concitus
782 2224 834 2274 axis

201 2312 303 2373 inpulit,
313 2312 461 2373 effunditque
470 2313 524 2361 solo
535 2332 542 2375 ς
560 2314 705 2387 'humusque
716 2320 822 2371 secutis,
896 2314 903 2322 “

201 2400 280 2447 imam
291 2399 354 2448 inter
365 2401 467 2461 galeam,
480 2400 569 2449 summi
580 2401 688 2449 thoracis
699 2407 726 2448 et
734 2414 800 2460 oras,

204 2487 315 2536 Abstulit
325 2501 383 2536 ense
391 2497 473 2551 caput,
484 2496 645 2551 truncumque
656 2490 756 2552 reliquit
766 2504 854 2539 arene.
870 2484 873 2489 ’

150 2623 163 2644 ,
232 2579 312 2637 Atque
321 2589 349 2623 ea
360 2575 417 2623 dum
429 2577 520 2638 campis
529 2577 607 2626 victor
617 2578 659 2627 dat
666 2581 754 2629 funera
762 2582 877 2627 lhrnus:

204 2664 300 2711 Interea
309 2663 405 2711 AEnean
417 2665 561 2713 Mnestheus
572 2674 598 2713 et
608 2667 670 2715 tidus
679 2669 784 2717 Achates

202 2749 368 2812 Ascaniusque
378 2766 459 2801 comes
471 2752 557 2801 castis
569 2762 676 2804 statuere
686 2765 823 2815 cruentum,

204 2838 321 2886 Alternus
333 2838 407 2899 longa
418 2840 535 2889 nitentem
547 2843 646 2904 cuspide
656 2858 761 2904 gressus.

204 2925 287 2985 Saevit,
298 2933 323 2974 et
333 2926 436 2976 infracta
445 2928 552 2979 luctatu
563 2932 682 2981 arundine
693 2934 768 2982 telum

202 3013 314 3075 Eripere,
327 3015 466 3077 auxilioque
476 3018 552 3079 viam,
563 3034 617 3081 que
627 3021 750 3084 proxima,
761 3020 852 3084 poscit:

203 3106 267 3152 Ense
278 3111 359 3151 secent
370 3106 420 3153 lato
432 3108 529 3167 volnus,
541 3109 632 3169 telique
643 3109 761 3157 latebram
