2334 3734
373 563 378 582 .
411 521 568 582 AENEIDOS
587 525 650 576 tiu.
666 526 687 574 Ι.
906 529 952 577 tna

147 649 188 698 llli
200 663 226 699 ae
237 649 325 713 praedae
337 648 469 714 adciuquut
480 651 632 716 dapibusque
641 650 730 703 inauris
740 673 748 704 t

146 741 256 800 Tergora
266 738 389 802 deripiunt
399 739 485 800 costis,
497 749 522 790 et
533 740 624 790 uiscera
635 742 748 805 nudant3

147 829 207 877 Pars
218 819 244 898 iq
256 829 335 878 frusta
345 839 438 892 secant,
449 830 595 893 veribusque
600 811 737 882 'trementia
747 833 844 897 uquam

147 917 230 966 Litore
241 931 301 966 aena
311 919 394 968 locunt
405 919 458 980 alii,
470 919 628 982 flammasque
638 921 795 985 ministrant3

148 1007 214 1056 'lium
224 1007 290 1056 victu
301 1015 415 1057 revocent
425 1008 489 1072 vires
500 1028 508 1070 3
526 1008 622 1071 fusique
633 1024 676 1072 per
686 1011 787 1061 herbam

148 1097 275 1160 Inplentur
286 1096 374 1148 veteris
386 1099 476 1148 Buechi
487 1100 631 1163 pinguisque
642 1102 736 1152 ferinae.

149 1188 279 1248 Postquam
293 1194 391 1236 exemto
401 1175 479 1236 fames
490 1189 580 1252 epulis,
593 1205 732 1254 menseque
742 1199 858 1242 remota:

145 1273 257 1324 Amissus
266 1275 344 1336 longo
354 1275 432 1325 socios
444 1291 557 1326 sermone
567 1279 712 1343 requirunt3

148 1365 270 1428 Spemque
281 1371 421 1428 metumque
431 1366 495 1414 inter
506 1366 585 1426 dubii,
597 1381 641 1416 seu
651 1368 732 1416 vivere
742 1369 853 1430 credant,

147 1453 203 1504 Sive
214 1460 324 1502 extrema
334 1454 394 1518 pati,
406 1468 451 1504 uec
460 1456 512 1515 Jam
524 1455 641 1504 exaudire
650 1464 756 1506 vocatus.

148 1543 273 1617 Praeeipue
283 1543 336 1606 pius
347 1545 449 1606 AEnees‚
462 1558 527 1593 uune
539 1543 602 1592 acris
611 1544 712 1605 Oronti,

152 1636 224 1683 Nunc
235 1633 321 1698 Amyci
331 1647 415 1682 casum
426 1633 511 1694 gemit,
523 1641 548 1682 et
557 1632 667 1683 crudelia
676 1647 759 1684 seeum

149 1723 209 1770 Fata
220 1721 287 1784 Lyci,
299 1721 436 1784 forumque
447 1722 528 1784 Gyan,
539 1722 677 1783 fortemque
688 1722 846 1772 Cloanthum.

185 1812 217 1860 Et
224 1813 277 1872 jam
288 1811 344 1862 finis
356 1818 424 1860 erat:
442 1825 518 1873 quum
528 1810 644 1874 luppiter
656 1811 747 1860 ethere
758 1825 856 1861 summo

150 1899 291 1962 Despicieus
302 1915 369 1950 mere
381 1900 522 1960 velivolum,
533 1907 660 1961 terrasque
667 1900 782 1962 jacentia,

153 1987 294 2052 Litoraque,
305 1996 330 2038 et
340 1991 402 2038 latos
413 1990 526 2052 populos,
538 1989 572 2038 sic
584 1987 674 2038 vertice
683 1989 740 2038 coeli

154 2077 280 2138 Constitit,
292 2085 317 2126 et
328 2077 409 2150 libyae
420 2077 506 2126 defixit
516 2077 610 2126 lumina
621 2078 711 2138 regulis.

152 2170 233 2230 Atque
243 2167 315 2233 illum
326 2166 382 2217 talis
389 2169 523 2228 jactantem
533 2174 631 2230 pectore
642 2179 713 2215 curas

152 2255 268 2316 Tristior,
279 2263 304 2304 et
314 2254 421 2306 lacrimis
433 2255 518 2304 oeulos
530 2254 621 2302 suffusa
632 2251 744 2312 nitentis,
788 2234 792 2240 ’

152 2345 302 2407 Adloquitur
312 2347 395 2394 Venus
406 2363 411 2392 ι
431 2344 453 2394 Ο
464 2343 506 2405 qui
517 2358 556 2392 res
567 2341 744 2405 hominumque
753 2342 874 2405 deumque

154 2435 263 2485 AEteruis
275 2435 338 2496 regis
350 2433 469 2497 imperiis,
481 2441 506 2482 et
517 2433 622 2482 fulmine
632 2440 721 2492 terres,
819 2454 824 2460 ·

158 2525 223 2580 Quid
234 2539 303 2589 meus
316 2525 409 2572 AEueas
420 2523 445 2572 iu
457 2531 482 2572 te
493 2521 758 2580 mumittere'tautum,

157 2614 222 2669 Quid
232 2616 310 2664 'Iroes
322 2621 423 2676 potuere
435 2615 444 2660 ?
465 2611 563 2675 quibus,
575 2618 613 2660 tot
623 2611 710 2661 funera
720 2609 809 2672 possis,

158 2705 266 2752 Cunctos
277 2704 310 2750 ob
322 2701 419 2752 ltaliam
431 2708 553 2752 terrarum
564 2700 687 2749 clauditur
698 2698 786 2749 orbis?

158 2793 231 2842 Certe
241 2791 300 2840 hinc
311 2793 436 2840 Romanos
447 2789 519 2850 olim,
531 2790 684 2838 volveutssrus
696 2788 780 2848 annis,

159 2883 224 2940 ilinc
235 2885 288 2932 loce
299 2884 422 2950 ductores,
434 2889 547 2930 revocato
558 2895 573 2930 a
583 2879 701 2942 sauguine
711 2878 812 2938 Teucri,

159 2973 209 3030 Qui
220 2988 298 3034 mure,
310 2973 353 3035 qui
363 2981 441 3022 terrae
453 2971 523 3020 omni
532 2970 626 3020 ditione
637 2977 759 3028 tenerent,

160 3061 297 3112 Pollicitus.
332 3064 392 3116 Quae
404 3067 440 3120 te,
453 3059 566 3120 Genitor,
578 3057 701 3108 sententia
709 3056 801 3106 vertit?

159 3155 213 3206 Hoc
223 3151 336 3216 equidem
347 3163 460 3204 occasum
470 3151 552 3211 'l'roJ'ae
563 3147 688 3210 numque
699 3145 784 3197 ruinas
