2334 3734
427 515 586 569 AENEIDOS
603 519 666 570 LIB.
683 519 713 572 V.

173 644 246 696 Haud
255 645 336 697 tenuit
345 645 449 697 titubata
459 650 531 712 soio;
548 649 592 699 sed
603 664 695 713 pronus
707 649 733 700 iu
745 649 798 714 ipso

174 736 287 787 concidit
296 737 464 802 inmundoque
474 739 534 792 timo
546 753 663 803 sacroque
673 754 769 791 cruore.
818 747 821 754 '

173 829 231 876 Non
242 834 325 878 tamen
337 829 447 892 Euryali,
460 844 511 878 non
522 829 566 878 ille
577 829 668 879 oblitus
679 844 808 880 amorum:

173 920 237 967 Num
249 932 302 968 sese
312 919 427 982 obposuit
440 920 507 968 Salio
519 935 562 984 per
573 921 668 970 lubrica
679 936 798 986 surgens3

174 1008 221 1057 ille
232 1015 314 1057 autem
324 1008 402 1071 spisse
408 1009 487 1069 jaeuit
498 1011 624 1059 revolutus
636 1024 717 1060 arena.

173 1098 271 1148 Emicat
280 1099 410 1163 Euryalus,
422 1107 448 1148 et
458 1114 560 1149 munere
570 1100 648 1150 victor
660 1101 732 1151 amici

174 1187 258 1238 Prima
267 1195 346 1249 tenet,
357 1189 492 1251 plausuque
504 1191 569 1239 solat
579 1191 728 1254 fremituque
739 1191 854 1242 Secundo.

175 1277 234 1325 Post
245 1276 363 1341 Helymus
375 1277 450 1338 subit,
462 1286 488 1326 et
498 1293 564 1327 nuuc
573 1279 647 1328 tertia
656 1281 739 1344 pslma
750 1280 847 1331 Diores.

174 1364 221 1416 Hic
233 1374 313 1416 totum
322 1380 400 1416 mrem
411 1382 553 1417 cousemum
564 1368 681 1430 ingentis,
693 1377 718 1418 et
728 1383 772 1418 ora

174 1456 258 1506 Primo
268 1465 376 1520 patrum,
388 1457 482 1518 mugnis
494 1458 575 1506 Salius
587 1460 735 1510 clamoribus
748 1460 835 1525 inplet,

174 1547 340 1609 Erepmmque
351 1546 409 1595 dolo
421 1546 489 1596 reddi
501 1547 547 1596 sibi
558 1549 637 1611 poscit
647 1549 776 1600 honorem.

173 1638 279 1687 Tutatur
291 1638 359 1686 favor
373 1638 516 1701 Euryalum,
527 1638 683 1702 lacrimaeque
694 1640 798 1702 decoras,

175 1727 275 1778 Gratim
285 1737 311 1778 et
321 1729 407 1791 pulcro
421 1729 520 1777 veniens
533 1729 559 1777 in
570 1743 673 1793 corpore
685 1730 771 1780 virtus.

175 1816 290 1878 Adiuvat,
302 1825 328 1866 et
339 1831 427 1879 magua
436 1820 571 1882 proclamat
580 1833 640 1868 voce
651 1819 750 1880 Diores,

176 1906 226 1961 Qui
237 1907 312 1956 subiit
321 1909 419 1971 puimoe,
431 1909 570 1972 frustraque
581 1910 612 1958 ad
622 1910 723 1972 proemia
733 1909 800 1958 veuit

177 1997 282 2059 Ultima,
293 1997 315 2047 si
327 1997 401 2061 primi
412 1999 479 2048 Sslio
490 2000 626 2050 redduntur
634 2002 750 2050 honores.

175 2089 240 2136 'lium
250 2096 319 2151 pater
330 2088 431 2148 AEueus,
442 2090 539 2149 Vestra,
550 2090 640 2151 iuquit,
651 2105 755 2140 munera
764 2089 832 2140 vobis

177 2179 252 2229 Certa
263 2187 373 2239 manent,
384 2179 454 2243 pueri
464 2199 473 2241 3
490 2187 515 2228 et
526 2180 631 2242 palmam
644 2189 726 2231 movet
735 2180 821 2230 ordine
833 2163 921 2230 nemo’:

176 2271 219 2318 Me
230 2269 302 2318 liceat
312 2283 383 2318 casus
394 2269 506 2318 miserari
516 2269 621 2318 insontis
632 2269 712 2318 amici.

175 2359 217 2410 stc
228 2362 303 2423 fanus,
314 2370 409 2423 tergum
421 2362 511 2412 Gremli
521 2362 621 2410 inmane
631 2361 710 2410 leonis

72 2487 76 2491 -
176 2452 225 2500 Dat
234 2452 312 2512 Salio,
324 2452 389 2502 viliis
400 2467 533 2502 onerosum
543 2460 616 2514 atque
627 2451 748 2513 unguibus
759 2449 848 2500 aureis.

176 2541 224 2590 Hie
236 2542 321 2603 Nisus,
335 2542 361 2591 si
372 2550 450 2602 tanta,
461 2543 551 2604 inquit,
563 2549 623 2590 sunt
632 2539 733 2605 praemie
743 2539 824 2601 victis,
921 2601 925 2610 Ι

175 2631 210 2681 Et
218 2639 244 2681 te
255 2632 380 2681 lassorum
392 2633 504 2682 miseret:
522 2647 575 2694 quae
583 2645 687 2681 munera
699 2629 760 2680 Niso

177 2721 257 2782 Digna
267 2721 334 2770 dahis
344 2724 353 2770 ἓ
373 2723 477 2784 primam
488 2722 568 2770 merui
579 2722 621 2783 qui
631 2720 703 2770 laude
713 2734 830 2770 coronam
840 2740 848 2782 ς
947 2771 948 2774 ,

178 2811 212 2860 Ni
223 2825 272 2872 me,
285 2826 340 2873 quse
351 2812 456 2872 Salium,
468 2813 568 2861 fortuma
579 2811 678 2860 inimica
688 2809 791 2860 tulisset.

177 2901 209 2949 Et
220 2900 294 2949 simul
305 2901 343 2949 his
356 2901 426 2950 dietis
438 2901 524 2951 faciem
536 2901 683 2958 ostentabat,
695 2907 720 2948 et
731 2898 780 2947 udo

176 2989 271 3053 'tinnis
282 2990 392 3040 membra
401 2991 469 3040 tinio.
502 2990 566 3039 Risit
576 2997 645 3052 pater
655 2987 761 3051 optimus
772 2987 827 3050 oili,

177 3081 211 3128 Et
221 3079 328 3143 clipeum
339 3079 420 3129 efferri
427 3079 510 3140 jussit,
520 3077 678 3142 Didymaonis
687 3085 761 3138 ntes,

179 3169 288 3234 Neptuni
298 3183 369 3220 sauro
379 3167 471 3223 Densis
481 3167 513 3217 de
523 3175 593 3231 poste
604 3167 716 3216 refixum.
