2334 3734
184 513 232 564 254
347 511 351 520 ’
413 516 441 568 P.
457 515 595 568 VlllGlLlI
612 513 766 569 MARONIS

187 647 248 712 lpse
255 649 307 709 jem
318 654 418 708 matres,
429 646 486 710 ipsi,
496 647 586 709 quibus
598 657 683 714 aspera
691 646 813 708 quendam

185 738 246 787 Visa
255 737 329 786 maris
340 737 424 797 facies,
435 743 460 786 et
470 751 519 786 non
531 737 659 786 tolerabile
670 751 772 798 nomen,

186 828 226 878 lre
234 828 331 887 volunt,
342 842 489 888 omnemque
500 827 563 888 lnge
570 827 679 890 perferre
690 815 807 878 laborem.

187 919 255 972 Quos
266 915 345 967 bonus
355 918 446 966 AEneas
457 916 528 966 dictis
539 918 633 967 solatur
644 917 740 978 amicis,

186 1006 220 1054 Et
229 1005 410 1067 consanguineo
421 1005 552 1056 lacrimans
563 1007 712 1057 conmendat
722 1009 824 1056 Aceste.

186 1094 243 1144 Tris
254 1096 326 1158 Eryci
335 1095 436 1156 vitulos,
447 1103 472 1144 et
480 1096 675 1158 Tempestatibus
687 1097 790 1158 agnam,

187 1187 286 1237 Cedere
296 1186 383 1247 deinde
391 1188 471 1248 iubet,
482 1186 592 1249 solvique
602 1201 634 1234 ex
643 1186 730 1237 ordine
738 1187 831 1236 funem.

187 1280 252 1342 Ipse,
263 1287 336 1341 capnt
345 1286 422 1327 tonse
434 1277 501 1328 foliis
511 1276 622 1328 winctus
634 1275 716 1337 olivae,
736 1341 742 1350 ι

187 1370 259 1418 Stans
269 1369 355 1432 procul
366 1369 392 1416 in
404 1381 478 1430 prora
488 1374 598 1429 pateram
609 1373 687 1425 tenet,
692 1373 803 1427 ‚extaque
813 1365 889 1414 salsos

187 1458 292 1507 Patricia
302 1459 328 1506 in
336 1458 435 1518 duabu,
446 1471 475 1506 ae
484 1457 542 1505 vina
550 1455 671 1518 liquentia
678 1454 768 1503 fiundit.

187 1547 345 1610 Prosequitur
355 1561 457 1608 surgens
467 1560 483 1596 a
493 1545 567 1609 puppi
577 1553 664 1594 venans
675 1543 764 1594 euntis.

188 1639 307 1689 Certatim
318 1638 378 1689 socii
387 1638 480 1689 feriunt
491 1652 568 1696 mare,
579 1645 605 1685 et
616 1650 714 1697 aequora
723 1640 831 1695 uerrunt.

184 1767 187 1772 -
219 1732 254 1780 At
263 1730 345 1778 Venas
357 1728 450 1778 interea
460 1729 604 1788 Neptunum
614 1725 722 1774 exercita
733 1724 798 1786 curis

186 1820 344 1883 Adloquitur,
354 1818 459 1879 talisque
470 1815 574 1883 effundit
583 1823 681 1877 pectere
691 1821 806 1875 questus:

169 1894 172 1902 ’
186 1912 201 1960 J
204 1909 293 1959 unonis
303 1907 382 1970 gravis
392 1907 439 1965 ira,
449 1919 495 1954 nee
505 1903 668 1953 exsaturabile
678 1911 784 1966 pectus,

188 2003 285 2062 Cogunt
296 2014 346 2058 me,
357 1999 480 2059 Neptune,
491 2009 574 2057 preces
586 1993 731 2043 descendere
743 1993 768 2042 in
778 1993 873 2044 omnis:

187 2094 266 2147 Quam
278 2103 323 2138 nec
334 2089 407 2150 longa
417 2086 478 2145 dies,
490 2084 567 2147 pietas
577 2098 623 2134 nec
636 2083 731 2145 mitigat
739 2085 808 2148 ulla3
830 2109 834 2116 ·

186 2182 239 2229 Nec
249 2178 319 2229 lovis
329 2175 431 2239 imperio
442 2175 528 2226 natisve
539 2173 644 2222 infracta
655 2173 766 2235 quiescit.

185 2271 242 2319 Non
254 2267 335 2316 media
343 2265 374 2314 de
384 2273 455 2325 gente
469 2264 589 2327 Phrygum
601 2262 711 2312 exedisse
720 2262 831 2318 nefandis

187 2359 282 2409 Urbem
292 2355 354 2405 odiis
365 2353 424 2404 satis
430 2362 482 2408 est.
494 2368 539 2402 nec
550 2366 649 2414 poenam
660 2360 729 2402 traxe
741 2366 784 2416 per
795 2366 894 2402 omnem

185 2445 323 2508 Reliquias:
339 2445 422 2504 Troiae
432 2443 527 2492 eineres
537 2450 609 2504 atque
619 2455 674 2490 assa
685 2449 799 2505 peremtae

185 2535 332 2598 Insequitur.
366 2536 469 2584 Cauneas
480 2533 543 2582 tanti
553 2533 666 2582 scintilla
677 2532 776 2582 furoris.

185 2627 240 2689 lpse
250 2624 312 2673 mibi
323 2637 401 2685 nuper
411 2623 505 2686 Libycis
515 2628 543 2669 tu
554 2622 623 2673 testis
634 2622 660 2672 in
670 2621 753 2683 undis,
762 2607 775 2651 ⁴²·

186 2717 266 2770 Quam
277 2714 368 2761 molem
379 2711 461 2762 subito
470 2711 579 2761 excierit.
613 2711 694 2760 illaria
703 2711 787 2761 omnia
797 2713 861 2762 eoelo

186 2803 296 2864 Miscuit,
306 2802 395 2851 AEoliis
407 2803 568 2866 nequidquam
581 2787 644 2850 freta
655 2802 780 2865 procellis,

185 2893 215 2939 ln
227 2892 307 2954 regnis
318 2892 435 2941 bocauna
444 2891 503 2942 tuis.
573 2931 578 2942 .

185 2983 232 3030 Per
243 2983 322 3030 scelus
331 2995 388 3030 ecee
397 2982 471 3031 etlam
482 2981 596 3042 'l'rojitnis
608 2981 727 3032 matribus
738 2982 797 3032 actis

185 3068 286 3119 Exnssit
297 3071 361 3120 foede
372 3072 474 3134 pirppis3
491 3078 517 3118 et
526 3071 606 3128 classe
615 3071 710 3132 subegit

184 3159 283 3210 Amissa
292 3158 371 3209 socios
382 3159 470 3220 ignotae
480 3160 591 3222 linquere
602 3167 683 3218 terrae.
736 3201 740 3208 .
775 3203 790 3210 ..
