<?xml version="1.0" encoding="UTF-8"?>
<!DOCTYPE html PUBLIC "-//W3C//DTD XHTML 1.0 Transitional//EN"
    "http://www.w3.org/TR/xhtml1/DTD/xhtml1-transitional.dtd">
<html xmlns="http://www.w3.org/1999/xhtml" xml:lang="en" lang="en">
 <head>
  <title>
</title>
<meta http-equiv="Content-Type" content="text/html;charset=utf-8" />
  <meta name='ocr-system' content='tesseract 3.04.00' />
  <meta name='ocr-capabilities' content='ocr_page ocr_carea ocr_par ocr_line ocrx_word'/>
</head>
<body>
  <div class='ocr_page' id='page_1' title='image "./publiivirgiliim00heyngoog/publiivirgiliim00heyngoog_0367.png"; bbox 0 0 2334 3734; ppageno 0'>
   <div class='ocr_carea' id='block_1_1' title="bbox 402 518 701 594">
    <p class='ocr_par' dir='ltr' id='par_1_1' title="bbox 402 518 701 594">
     <span class='ocr_line' id='line_1_1' title="bbox 402 518 701 594; baseline 0.017 -5"><span class='ocrx_word' id='word_1_1' title='bbox 402 542 559 593; x_wconf 69' lang='lat' dir='ltr'>murrinos</span> <span class='ocrx_word' id='word_1_2' title='bbox 576 544 640 593; x_wconf 82' lang='lat' dir='ltr'>nm.</span> <span class='ocrx_word' id='word_1_3' title='bbox 658 518 701 594; x_wconf 73' lang='lat' dir='ltr'>ni.</span> 
     </span>
    </p>
   </div>
   <div class='ocr_carea' id='block_1_2' title="bbox 173 665 901 1533">
    <p class='ocr_par' dir='ltr' id='par_1_2' title="bbox 177 665 820 736">
     <span class='ocr_line' id='line_1_2' title="bbox 177 665 820 736; baseline 0.017 -24"><span class='ocrx_word' id='word_1_4' title='bbox 177 665 336 730; x_wconf 69' lang='lat' dir='ltr'>insuperis,</span> <span class='ocrx_word' id='word_1_5' title='bbox 347 668 427 731; x_wconf 75' lang='lat' dir='ltr'>mmpi</span> <span class='ocrx_word' id='word_1_6' title='bbox 437 671 502 731; x_wconf 91' lang='lat' dir='ltr'>quod</span> <span class='ocrx_word' id='word_1_7' title='bbox 512 675 556 720; x_wconf 73' lang='lat' dir='ltr'>rex</span> <span class='ocrx_word' id='word_1_8' title='bbox 568 672 641 721; x_wconf 78' lang='lat' dir='ltr'>habet</span> <span class='ocrx_word' id='word_1_9' title='bbox 650 674 701 736; x_wconf 87' lang='lat' dir='ltr'>ipse</span> <span class='ocrx_word' id='word_1_10' title='bbox 713 672 820 723; x_wconf 82' lang='lat' dir='ltr'>Latinus.</span> 
     </span>
    </p>

    <p class='ocr_par' dir='ltr' id='par_1_3' title="bbox 175 756 785 913">
     <span class='ocr_line' id='line_1_3' title="bbox 175 756 768 824; baseline 0.017 -22"><span class='ocrx_word' id='word_1_11' title='bbox 175 756 212 803; x_wconf 81' lang='lat' dir='ltr'>&#39;lie</span> <span class='ocrx_word' id='word_1_12' title='bbox 222 769 291 816; x_wconf 84' lang='lat' dir='ltr'>vero,</span> <span class='ocrx_word' id='word_1_13' title='bbox 303 772 358 806; x_wconf 79' lang='lat' dir='ltr'>mea</span> <span class='ocrx_word' id='word_1_14' title='bbox 367 772 439 819; x_wconf 89' lang='lat' dir='ltr'>quem</span> <span class='ocrx_word' id='word_1_15' title='bbox 450 761 533 822; x_wconf 72' lang='lat' dir='ltr'>spatiis</span> <span class='ocrx_word' id='word_1_16' title='bbox 544 761 698 824; x_wconf 81' lang='lat' dir='ltr'>propioribus</span> <span class='ocrx_word' id='word_1_17' title='bbox 710 771 768 811; x_wconf 77' lang='lat' dir='ltr'>aetas</span> 
     </span>
     <span class='ocr_line' id='line_1_4' title="bbox 177 846 785 913; baseline 0.013 -21"><span class='ocrx_word' id='word_1_18' title='bbox 177 846 325 907; x_wconf 78' lang='lat' dir='ltr'><strong>Insequitur,</strong></span> <span class='ocrx_word' id='word_1_19' title='bbox 336 849 473 897; x_wconf 77' lang='lat' dir='ltr'>venerande</span> <span class='ocrx_word' id='word_1_20' title='bbox 483 864 552 911; x_wconf 87' lang='lat' dir='ltr'>puer,</span> <span class='ocrx_word' id='word_1_21' title='bbox 560 852 612 910; x_wconf 80' lang='lat' dir='ltr'>J&#39;am</span> <span class='ocrx_word' id='word_1_22' title='bbox 624 859 720 913; x_wconf 79' lang='lat' dir='ltr'>pectore</span> <span class='ocrx_word' id='word_1_23' title='bbox 732 858 785 901; x_wconf 78' lang='lat' dir='ltr'>tutu</span> 
     </span>
    </p>

    <p class='ocr_par' dir='ltr' id='par_1_4' title="bbox 176 934 880 1090">
     <span class='ocr_line' id='line_1_5' title="bbox 176 934 880 1002; baseline 0.014 -21"><span class='ocrx_word' id='word_1_24' title='bbox 176 934 279 997; x_wconf 85' lang='lat' dir='ltr'>Adcipio</span> <span class='ocrx_word' id='word_1_25' title='bbox 288 943 314 983; x_wconf 85' lang='lat' dir='ltr'>et</span> <span class='ocrx_word' id='word_1_26' title='bbox 323 936 438 984; x_wconf 74' lang='lat' dir='ltr'>comitem</span> <span class='ocrx_word' id='word_1_27' title='bbox 449 952 520 985; x_wconf 84' lang='lat' dir='ltr'>casus</span> <span class='ocrx_word' id='word_1_28' title='bbox 529 940 670 1002; x_wconf 78' lang='lat' dir='ltr'>conplector</span> <span class='ocrx_word' id='word_1_29' title='bbox 682 940 708 987; x_wconf 93' lang='lat' dir='ltr'>in</span> <span class='ocrx_word' id='word_1_30' title='bbox 719 941 807 991; x_wconf 87' lang='lat' dir='ltr'>omnis.</span> <span class='ocrx_word' id='word_1_31' title='bbox 878 988 880 991; x_wconf 88' lang='lat'>.</span> 
     </span>
     <span class='ocr_line' id='line_1_6' title="bbox 176 1014 745 1090; baseline 0.011 -20"><span class='ocrx_word' id='word_1_32' title='bbox 176 1024 252 1071; x_wconf 78' lang='lat' dir='ltr'>Nulla</span> <span class='ocrx_word' id='word_1_33' title='bbox 262 1024 323 1072; x_wconf 89' lang='lat' dir='ltr'>meis</span> <span class='ocrx_word' id='word_1_34' title='bbox 336 1025 389 1073; x_wconf 90' lang='lat' dir='ltr'>sine</span> <span class='ocrx_word' id='word_1_35' title='bbox 400 1032 424 1073; x_wconf 89' lang='lat' dir='ltr'>te</span> <span class='ocrx_word' id='word_1_36' title='bbox 435 1034 556 1087; x_wconf 71' lang='lat' dir='ltr'>queretur</span> <span class='ocrx_word' id='word_1_37' title='bbox 566 1028 645 1087; x_wconf 74' lang='lat' dir='ltr'>gloria</span> <span class='ocrx_word' id='word_1_38' title='bbox 656 1014 745 1090; x_wconf 55' lang='lat' dir='ltr'>rebusq</span> 
     </span>
    </p>

    <p class='ocr_par' dir='ltr' id='par_1_5' title="bbox 173 1111 901 1533">
     <span class='ocr_line' id='line_1_7' title="bbox 176 1111 840 1175; baseline 0.009 -16"><span class='ocrx_word' id='word_1_39' title='bbox 176 1111 226 1160; x_wconf 85' lang='lat' dir='ltr'>Seu</span> <span class='ocrx_word' id='word_1_40' title='bbox 235 1126 317 1175; x_wconf 83' lang='lat' dir='ltr'><strong>pacem</strong></span> <span class='ocrx_word' id='word_1_41' title='bbox 329 1127 373 1161; x_wconf 90' lang='lat' dir='ltr'>seu</span> <span class='ocrx_word' id='word_1_42' title='bbox 383 1115 449 1162; x_wconf 81' lang='lat' dir='ltr'>belia</span> <span class='ocrx_word' id='word_1_43' title='bbox 459 1129 541 1175; x_wconf 79' lang='lat' dir='ltr'>gerum</span> <span class='ocrx_word' id='word_1_44' title='bbox 551 1134 557 1162; x_wconf 88' lang='lat'><strong>:</strong></span> <span class='ocrx_word' id='word_1_45' title='bbox 574 1116 620 1163; x_wconf 83' lang='lat' dir='ltr'>tibi</span> <span class='ocrx_word' id='word_1_46' title='bbox 632 1130 748 1164; x_wconf 81' lang='lat' dir='ltr'>maxuma</span> <span class='ocrx_word' id='word_1_47' title='bbox 758 1130 840 1165; x_wconf 88' lang='lat' dir='ltr'>rerum</span> 
     </span>
     <span class='ocr_line' id='line_1_8' title="bbox 173 1201 793 1263; baseline 0.01 -16"><span class='ocrx_word' id='word_1_48' title='bbox 173 1201 358 1263; x_wconf 86' lang='lat' dir='ltr'>Verborumqne</span> <span class='ocrx_word' id='word_1_49' title='bbox 369 1202 437 1250; x_wconf 80' lang='lat' dir='ltr'>tides.</span> <span class='ocrx_word' id='word_1_50' title='bbox 454 1254 458 1260; x_wconf 69' lang='lat'>,</span> <span class='ocrx_word' id='word_1_51' title='bbox 472 1204 564 1251; x_wconf 74' lang='lat' dir='ltr'>Conna</span> <span class='ocrx_word' id='word_1_52' title='bbox 574 1204 646 1263; x_wconf 86' lang='lat' dir='ltr'>quem</span> <span class='ocrx_word' id='word_1_53' title='bbox 658 1205 793 1253; x_wconf 71' lang='lat' dir='ltr'>saliantur</span> 
     </span>
     <span class='ocr_line' id='line_1_9' title="bbox 176 1276 766 1363; baseline 0.01 -28"><span class='ocrx_word' id='word_1_54' title='bbox 176 1276 309 1351; x_wconf 66' lang='lat' dir='ltr'>euryalus:</span> <span class='ocrx_word' id='word_1_55' title='bbox 327 1292 370 1337; x_wconf 77' lang='lat' dir='ltr'>ne</span> <span class='ocrx_word' id='word_1_56' title='bbox 380 1290 512 1338; x_wconf 75' lang='lat' dir='ltr'>nuru-ures</span> <span class='ocrx_word' id='word_1_57' title='bbox 523 1298 573 1338; x_wconf 78' lang='lat' dir='ltr'>um</span> <span class='ocrx_word' id='word_1_58' title='bbox 586 1292 690 1340; x_wconf 72' lang='lat' dir='ltr'>fortibus</span> <span class='ocrx_word' id='word_1_59' title='bbox 702 1293 766 1363; x_wconf 62' lang='lat' dir='ltr'>amis</span> 
     </span>
     <span class='ocr_line' id='line_1_10' title="bbox 174 1376 901 1443; baseline 0.01 -19"><span class='ocrx_word' id='word_1_60' title='bbox 174 1376 324 1425; x_wconf 75' lang='lat' dir='ltr'>Dissimilem</span> <span class='ocrx_word' id='word_1_61' title='bbox 334 1379 458 1440; x_wconf 60' lang='lat' dir='ltr'>arguerim</span> <span class='ocrx_word' id='word_1_62' title='bbox 475 1387 586 1429; x_wconf 78' lang='lat' dir='ltr'>tantum:</span> <span class='ocrx_word' id='word_1_63' title='bbox 604 1382 723 1443; x_wconf 83' lang='lat' dir='ltr'>Fortuna,</span> <span class='ocrx_word' id='word_1_64' title='bbox 737 1382 841 1431; x_wconf 84' lang='lat' dir='ltr'>secunda</span> <span class='ocrx_word' id='word_1_65' title='bbox 899 1426 901 1430; x_wconf 16' lang='grc' dir='ltr'><em>Α</em></span> 
     </span>
     <span class='ocr_line' id='line_1_11' title="bbox 173 1459 804 1533; baseline 0.008 -18"><span class='ocrx_word' id='word_1_66' title='bbox 173 1468 225 1516; x_wconf 82' lang='lat' dir='ltr'>Aut</span> <span class='ocrx_word' id='word_1_67' title='bbox 235 1467 346 1528; x_wconf 81' lang='lat' dir='ltr'>adverse,</span> <span class='ocrx_word' id='word_1_68' title='bbox 355 1468 432 1517; x_wconf 79' lang='lat' dir='ltr'>cadet.</span> <span class='ocrx_word' id='word_1_69' title='bbox 466 1469 515 1517; x_wconf 83' lang='lat' dir='ltr'>Sed</span> <span class='ocrx_word' id='word_1_70' title='bbox 526 1459 551 1517; x_wconf 72' lang='lat' dir='ltr'>ie</span> <span class='ocrx_word' id='word_1_71' title='bbox 562 1484 634 1533; x_wconf 83' lang='lat' dir='ltr'>super</span> <span class='ocrx_word' id='word_1_72' title='bbox 647 1470 730 1519; x_wconf 81' lang='lat' dir='ltr'>omnia</span> <span class='ocrx_word' id='word_1_73' title='bbox 739 1471 804 1520; x_wconf 82' lang='lat' dir='ltr'>dona</span> 
     </span>
    </p>
   </div>
   <div class='ocr_carea' id='block_1_3' title="bbox 106 1556 788 1619">
    <p class='ocr_par' dir='ltr' id='par_1_6' title="bbox 106 1556 788 1619">
     <span class='ocr_line' id='line_1_12' title="bbox 106 1556 788 1619; baseline 0.006 -16"><span class='ocrx_word' id='word_1_74' title='bbox 106 1568 112 1576; x_wconf 87' lang='lat'><strong>·</strong></span> <span class='ocrx_word' id='word_1_75' title='bbox 174 1556 259 1604; x_wconf 89' lang='lat' dir='ltr'>Unum</span> <span class='ocrx_word' id='word_1_76' title='bbox 271 1569 329 1603; x_wconf 77' lang='lat' dir='ltr'>orer</span> <span class='ocrx_word' id='word_1_77' title='bbox 346 1556 457 1617; x_wconf 80' lang='lat' dir='ltr'>genetrix</span> <span class='ocrx_word' id='word_1_78' title='bbox 468 1556 559 1605; x_wconf 82' lang='lat' dir='ltr'>Priami</span> <span class='ocrx_word' id='word_1_79' title='bbox 571 1558 683 1619; x_wconf 81' lang='lat' dir='ltr'>degente</span> <span class='ocrx_word' id='word_1_80' title='bbox 693 1566 788 1608; x_wconf 80' lang='lat' dir='ltr'>vetuste</span> 
     </span>
    </p>
   </div>
   <div class='ocr_carea' id='block_1_4' title="bbox 171 1644 956 2316">
    <p class='ocr_par' dir='ltr' id='par_1_7' title="bbox 174 1644 802 1798">
     <span class='ocr_line' id='line_1_13' title="bbox 174 1644 797 1706; baseline 0.002 -13"><span class='ocrx_word' id='word_1_81' title='bbox 174 1645 220 1693; x_wconf 86' lang='lat' dir='ltr'>Est</span> <span class='ocrx_word' id='word_1_82' title='bbox 231 1644 303 1704; x_wconf 74' lang='lat' dir='ltr'>mihi,</span> <span class='ocrx_word' id='word_1_83' title='bbox 313 1659 386 1706; x_wconf 78' lang='lat' dir='ltr'>quem</span> <span class='ocrx_word' id='word_1_84' title='bbox 396 1646 509 1695; x_wconf 81' lang='lat' dir='ltr'>miseram</span> <span class='ocrx_word' id='word_1_85' title='bbox 518 1646 597 1695; x_wconf 85' lang='lat' dir='ltr'>tenuit</span> <span class='ocrx_word' id='word_1_86' title='bbox 608 1660 657 1695; x_wconf 89' lang='lat' dir='ltr'>non</span> <span class='ocrx_word' id='word_1_87' title='bbox 670 1647 797 1696; x_wconf 71' lang='lat' dir='ltr'>nicenus</span> 
     </span>
     <span class='ocr_line' id='line_1_14' title="bbox 174 1734 802 1798; baseline 0.006 -17"><span class='ocrx_word' id='word_1_88' title='bbox 174 1734 273 1782; x_wconf 87' lang='lat' dir='ltr'>Mecum</span> <span class='ocrx_word' id='word_1_89' title='bbox 283 1734 449 1796; x_wconf 70' lang='lat' dir='ltr'>excedentem,</span> <span class='ocrx_word' id='word_1_90' title='bbox 461 1750 512 1784; x_wconf 88' lang='lat' dir='ltr'>non</span> <span class='ocrx_word' id='word_1_91' title='bbox 524 1736 615 1785; x_wconf 79' lang='lat' dir='ltr'>moenie</span> <span class='ocrx_word' id='word_1_92' title='bbox 626 1736 688 1798; x_wconf 80' lang='lat' dir='ltr'>regis</span> <span class='ocrx_word' id='word_1_93' title='bbox 700 1738 802 1786; x_wconf 85' lang='lat' dir='ltr'>Acestae.</span> 
     </span>
    </p>

    <p class='ocr_par' dir='ltr' id='par_1_8' title="bbox 173 1820 904 1975">
     <span class='ocr_line' id='line_1_15' title="bbox 174 1820 904 1889; baseline 0.005 -19"><span class='ocrx_word' id='word_1_94' title='bbox 174 1823 245 1870; x_wconf 83' lang='lat' dir='ltr'>Hanc</span> <span class='ocrx_word' id='word_1_95' title='bbox 255 1837 299 1884; x_wconf 78' lang='lat' dir='ltr'>ego</span> <span class='ocrx_word' id='word_1_96' title='bbox 313 1838 377 1871; x_wconf 89' lang='lat' dir='ltr'>nunc</span> <span class='ocrx_word' id='word_1_97' title='bbox 387 1824 497 1885; x_wconf 78' lang='lat' dir='ltr'>ignaram</span> <span class='ocrx_word' id='word_1_98' title='bbox 509 1826 581 1887; x_wconf 86' lang='lat' dir='ltr'>hujus</span> <span class='ocrx_word' id='word_1_99' title='bbox 593 1820 760 1887; x_wconf 86' lang='lat' dir='ltr'>quodcumque</span> <span class='ocrx_word' id='word_1_100' title='bbox 771 1824 855 1889; x_wconf 84' lang='lat' dir='ltr'>pericli</span> <span class='ocrx_word' id='word_1_101' title='bbox 866 1833 904 1874; x_wconf 86' lang='lat' dir='ltr'>est</span> 
     </span>
     <span class='ocr_line' id='line_1_16' title="bbox 173 1912 755 1975; baseline 0.009 -16"><span class='ocrx_word' id='word_1_102' title='bbox 173 1912 249 1973; x_wconf 86' lang='lat' dir='ltr'>Inque</span> <span class='ocrx_word' id='word_1_103' title='bbox 260 1914 389 1961; x_wconf 78' lang='lat' dir='ltr'>salutatam</span> <span class='ocrx_word' id='word_1_104' title='bbox 401 1913 500 1975; x_wconf 84' lang='lat' dir='ltr'>linqu03</span> <span class='ocrx_word' id='word_1_105' title='bbox 518 1916 587 1975; x_wconf 84' lang='lat' dir='ltr'>Nox,</span> <span class='ocrx_word' id='word_1_106' title='bbox 600 1922 624 1963; x_wconf 87' lang='lat' dir='ltr'>et</span> <span class='ocrx_word' id='word_1_107' title='bbox 634 1922 676 1963; x_wconf 82' lang='lat' dir='ltr'>tua</span> <span class='ocrx_word' id='word_1_108' title='bbox 686 1914 755 1963; x_wconf 78' lang='lat' dir='ltr'>testis</span> 
     </span>
    </p>

    <p class='ocr_par' dir='ltr' id='par_1_9' title="bbox 171 2001 956 2316">
     <span class='ocr_line' id='line_1_17' title="bbox 172 2001 956 2067; baseline 0.008 -20"><span class='ocrx_word' id='word_1_109' title='bbox 172 2001 289 2060; x_wconf 82' lang='lat' dir='ltr'>Dextera,</span> <span class='ocrx_word' id='word_1_110' title='bbox 301 2002 495 2063; x_wconf 81' lang='lat' dir='ltr'>quod&#39;nequeam</span> <span class='ocrx_word' id='word_1_111' title='bbox 505 2004 737 2067; x_wconf 79' lang='lat' dir='ltr'>lacrimasperierre</span> <span class='ocrx_word' id='word_1_112' title='bbox 748 2002 863 2066; x_wconf 82' lang='lat' dir='ltr'>parentis.</span> <span class='ocrx_word' id='word_1_113' title='bbox 955 2022 956 2027; x_wconf 50' lang='lat'>¹</span> 
     </span>
     <span class='ocr_line' id='line_1_18' title="bbox 172 2087 802 2151; baseline 0.008 -16"><span class='ocrx_word' id='word_1_114' title='bbox 172 2089 206 2136; x_wconf 80' lang='lat' dir='ltr'>At</span> <span class='ocrx_word' id='word_1_115' title='bbox 216 2096 254 2148; x_wconf 87' lang='lat' dir='ltr'>tu,</span> <span class='ocrx_word' id='word_1_116' title='bbox 266 2102 322 2146; x_wconf 91' lang='lat' dir='ltr'>cro,</span> <span class='ocrx_word' id='word_1_117' title='bbox 334 2091 416 2137; x_wconf 80' lang='lat' dir='ltr'>solere</span> <span class='ocrx_word' id='word_1_118' title='bbox 423 2087 533 2151; x_wconf 86' lang='lat' dir='ltr'>inopem,</span> <span class='ocrx_word' id='word_1_119' title='bbox 544 2098 569 2138; x_wconf 84' lang='lat' dir='ltr'>et</span> <span class='ocrx_word' id='word_1_120' title='bbox 580 2104 693 2139; x_wconf 82' lang='lat' dir='ltr'>succurre</span> <span class='ocrx_word' id='word_1_121' title='bbox 704 2092 802 2140; x_wconf 73' lang='lat' dir='ltr'>relicum.</span> 
     </span>
     <span class='ocr_line' id='line_1_19' title="bbox 171 2177 775 2239; baseline -0.002 -13"><span class='ocrx_word' id='word_1_122' title='bbox 171 2178 242 2226; x_wconf 76' lang='lat' dir='ltr'>lianc</span> <span class='ocrx_word' id='word_1_123' title='bbox 253 2177 307 2225; x_wconf 87' lang='lat' dir='ltr'>sine</span> <span class='ocrx_word' id='word_1_124' title='bbox 318 2191 357 2224; x_wconf 88' lang='lat' dir='ltr'>me</span> <span class='ocrx_word' id='word_1_125' title='bbox 368 2191 436 2239; x_wconf 80' lang='lat' dir='ltr'>spem</span> <span class='ocrx_word' id='word_1_126' title='bbox 448 2178 513 2225; x_wconf 77' lang='lat' dir='ltr'>ferre</span> <span class='ocrx_word' id='word_1_127' title='bbox 524 2179 577 2227; x_wconf 88' lang='lat' dir='ltr'>tui:</span> <span class='ocrx_word' id='word_1_128' title='bbox 595 2178 723 2227; x_wconf 78' lang='lat' dir='ltr'>audentior</span> <span class='ocrx_word' id='word_1_129' title='bbox 734 2179 775 2226; x_wconf 81' lang='lat' dir='ltr'>ibo</span> 
     </span>
     <span class='ocr_line' id='line_1_20' title="bbox 173 2266 759 2316; baseline 0.002 -3"><span class='ocrx_word' id='word_1_130' title='bbox 173 2268 202 2314; x_wconf 91' lang='lat' dir='ltr'>ln</span> <span class='ocrx_word' id='word_1_131' title='bbox 213 2279 284 2314; x_wconf 76' lang='lat' dir='ltr'>casus</span> <span class='ocrx_word' id='word_1_132' title='bbox 295 2266 384 2314; x_wconf 89' lang='lat' dir='ltr'>omnis.</span> <span class='ocrx_word' id='word_1_133' title='bbox 418 2269 535 2316; x_wconf 74' lang='lat' dir='ltr'>Percussa</span> <span class='ocrx_word' id='word_1_134' title='bbox 545 2275 628 2315; x_wconf 88' lang='lat' dir='ltr'>mente</span> <span class='ocrx_word' id='word_1_135' title='bbox 641 2267 759 2316; x_wconf 83' lang='lat' dir='ltr'>dederunt</span> 
     </span>
    </p>
   </div>
   <div class='ocr_carea' id='block_1_5' title="bbox 88 2338 813 2416">
    <p class='ocr_par' dir='ltr' id='par_1_10' title="bbox 88 2338 813 2416">
     <span class='ocr_line' id='line_1_21' title="bbox 88 2338 813 2416; baseline -0.004 -12"><span class='ocrx_word' id='word_1_136' title='bbox 88 2378 93 2383; x_wconf 93' lang='lat'><em>·</em></span> <span class='ocrx_word' id='word_1_137' title='bbox 170 2354 317 2404; x_wconf 74' lang='lat' dir='ltr'>Dumnidae</span> <span class='ocrx_word' id='word_1_138' title='bbox 329 2354 441 2403; x_wconf 82' lang='lat' dir='ltr'>lacrimas</span> <span class='ocrx_word' id='word_1_139' title='bbox 452 2375 460 2416; x_wconf 80' lang='lat'>3</span> <span class='ocrx_word' id='word_1_140' title='bbox 478 2363 534 2403; x_wconf 83' lang='lat' dir='ltr'>aute</span> <span class='ocrx_word' id='word_1_141' title='bbox 542 2355 624 2403; x_wconf 81' lang='lat' dir='ltr'>omnis</span> <span class='ocrx_word' id='word_1_142' title='bbox 634 2338 718 2415; x_wconf 86' lang='lat' dir='ltr'>pulcer</span> <span class='ocrx_word' id='word_1_143' title='bbox 729 2354 813 2415; x_wconf 86' lang='lat' dir='ltr'>lulus;</span> 
     </span>
    </p>
   </div>
   <div class='ocr_carea' id='block_1_6' title="bbox 120 2441 879 3217">
    <p class='ocr_par' dir='ltr' id='par_1_11' title="bbox 172 2441 786 2507">
     <span class='ocr_line' id='line_1_22' title="bbox 172 2441 786 2507; baseline -0.003 -15"><span class='ocrx_word' id='word_1_144' title='bbox 172 2445 253 2505; x_wconf 82' lang='lat' dir='ltr'>Atque</span> <span class='ocrx_word' id='word_1_145' title='bbox 264 2442 374 2491; x_wconf 87' lang='lat' dir='ltr'>animum</span> <span class='ocrx_word' id='word_1_146' title='bbox 385 2442 470 2506; x_wconf 74' lang='lat' dir='ltr'>petrin</span> <span class='ocrx_word' id='word_1_147' title='bbox 477 2441 686 2507; x_wconf 74' lang='lat' dir='ltr'>&#39;strinxitpietatis</span> <span class='ocrx_word' id='word_1_148' title='bbox 697 2441 786 2503; x_wconf 75' lang='lat' dir='ltr'>imago.</span> 
     </span>
    </p>

    <p class='ocr_par' dir='ltr' id='par_1_12' title="bbox 171 2527 449 2583">
     <span class='ocr_line' id='line_1_23' title="bbox 171 2527 449 2583; baseline 0 -1"><span class='ocrx_word' id='word_1_149' title='bbox 171 2534 237 2582; x_wconf 71' lang='lat' dir='ltr'>&#39;lium</span> <span class='ocrx_word' id='word_1_150' title='bbox 246 2534 283 2583; x_wconf 87' lang='lat' dir='ltr'>sic</span> <span class='ocrx_word' id='word_1_151' title='bbox 295 2534 398 2583; x_wconf 73' lang='lat' dir='ltr'>effature</span> <span class='ocrx_word' id='word_1_152' title='bbox 447 2527 449 2530; x_wconf 40' lang='lat'>¹</span> 
     </span>
    </p>

    <p class='ocr_par' dir='ltr' id='par_1_13' title="bbox 173 2612 865 2862">
     <span class='ocr_line' id='line_1_24' title="bbox 173 2612 778 2686; baseline 0 -15"><span class='ocrx_word' id='word_1_153' title='bbox 173 2623 286 2685; x_wconf 86' lang='lat' dir='ltr'>Spondeo</span> <span class='ocrx_word' id='word_1_154' title='bbox 296 2622 428 2685; x_wconf 76' lang='lat' dir='ltr'>dignantis</span> <span class='ocrx_word' id='word_1_155' title='bbox 439 2623 578 2684; x_wconf 78' lang='lat' dir='ltr'>ingentibus</span> <span class='ocrx_word' id='word_1_156' title='bbox 589 2623 673 2672; x_wconf 87' lang='lat' dir='ltr'>omnia</span> <span class='ocrx_word' id='word_1_157' title='bbox 684 2612 778 2686; x_wconf 64' lang='lat' dir='ltr'>coeptis.</span> 
     </span>
     <span class='ocr_line' id='line_1_25' title="bbox 174 2710 865 2777; baseline 0 -20"><span class='ocrx_word' id='word_1_158' title='bbox 174 2712 285 2773; x_wconf 83' lang='lat' dir='ltr'>Namque</span> <span class='ocrx_word' id='word_1_159' title='bbox 295 2712 343 2760; x_wconf 87' lang='lat' dir='ltr'>erit</span> <span class='ocrx_word' id='word_1_160' title='bbox 353 2712 399 2760; x_wconf 83' lang='lat' dir='ltr'>ista</span> <span class='ocrx_word' id='word_1_161' title='bbox 410 2711 471 2760; x_wconf 88' lang='lat' dir='ltr'>mihi</span> <span class='ocrx_word' id='word_1_162' title='bbox 482 2712 605 2777; x_wconf 79' lang='lat' dir='ltr'>genetrix,</span> <span class='ocrx_word' id='word_1_163' title='bbox 617 2725 755 2772; x_wconf 88' lang='lat' dir='ltr'>nomenque</span> <span class='ocrx_word' id='word_1_164' title='bbox 768 2710 865 2759; x_wconf 75' lang='lat' dir='ltr'>Creusae</span> 
     </span>
     <span class='ocr_line' id='line_1_26' title="bbox 173 2799 721 2862; baseline 0 -15"><span class='ocrx_word' id='word_1_165' title='bbox 173 2799 260 2848; x_wconf 87' lang='lat' dir='ltr'>Solum</span> <span class='ocrx_word' id='word_1_166' title='bbox 271 2799 385 2859; x_wconf 80' lang='lat' dir='ltr'>defuerit,</span> <span class='ocrx_word' id='word_1_167' title='bbox 397 2814 441 2849; x_wconf 83' lang='lat' dir='ltr'>nec</span> <span class='ocrx_word' id='word_1_168' title='bbox 452 2807 548 2862; x_wconf 80' lang='lat' dir='ltr'>partum</span> <span class='ocrx_word' id='word_1_169' title='bbox 559 2800 637 2861; x_wconf 77' lang='lat' dir='ltr'>grstia</span> <span class='ocrx_word' id='word_1_170' title='bbox 647 2800 721 2849; x_wconf 85' lang='lat' dir='ltr'>talem</span> 
     </span>
    </p>

    <p class='ocr_par' dir='ltr' id='par_1_14' title="bbox 120 2888 879 3127">
     <span class='ocr_line' id='line_1_27' title="bbox 173 2888 879 2949; baseline -0.003 -14"><span class='ocrx_word' id='word_1_171' title='bbox 173 2889 250 2935; x_wconf 81' lang='lat' dir='ltr'>Parve</span> <span class='ocrx_word' id='word_1_172' title='bbox 260 2895 350 2935; x_wconf 82' lang='lat' dir='ltr'>manet.</span> <span class='ocrx_word' id='word_1_173' title='bbox 385 2888 460 2937; x_wconf 81' lang='lat' dir='ltr'>Casus</span> <span class='ocrx_word' id='word_1_174' title='bbox 473 2888 564 2937; x_wconf 77' lang='lat' dir='ltr'>fectum</span> <span class='ocrx_word' id='word_1_175' title='bbox 576 2888 721 2949; x_wconf 86' lang='lat' dir='ltr'>quicumque</span> <span class='ocrx_word' id='word_1_176' title='bbox 732 2892 879 2948; x_wconf 85' lang='lat' dir='ltr'>sequuntur:</span> 
     </span>
     <span class='ocr_line' id='line_1_28' title="bbox 120 2975 837 3039; baseline -0.004 -15"><span class='ocrx_word' id='word_1_177' title='bbox 120 3004 124 3011; x_wconf 89' lang='lat'><em>·</em></span> <span class='ocrx_word' id='word_1_178' title='bbox 173 2978 219 3024; x_wconf 87' lang='lat' dir='ltr'>Per</span> <span class='ocrx_word' id='word_1_179' title='bbox 230 2982 302 3037; x_wconf 81' lang='lat' dir='ltr'>eaput</span> <span class='ocrx_word' id='word_1_180' title='bbox 313 2975 360 3022; x_wconf 88' lang='lat' dir='ltr'>hoc</span> <span class='ocrx_word' id='word_1_181' title='bbox 368 2976 437 3035; x_wconf 85' lang='lat' dir='ltr'>juro,</span> <span class='ocrx_word' id='word_1_182' title='bbox 448 2990 491 3038; x_wconf 86' lang='lat' dir='ltr'>per</span> <span class='ocrx_word' id='word_1_183' title='bbox 501 2977 566 3038; x_wconf 88' lang='lat' dir='ltr'>quod</span> <span class='ocrx_word' id='word_1_184' title='bbox 576 2983 645 3039; x_wconf 80' lang='lat' dir='ltr'>pater</span> <span class='ocrx_word' id='word_1_185' title='bbox 657 2982 713 3023; x_wconf 81' lang='lat' dir='ltr'>ante</span> <span class='ocrx_word' id='word_1_186' title='bbox 728 2975 837 3022; x_wconf 69' lang='lat' dir='ltr'>solebam</span> 
     </span>
     <span class='ocr_line' id='line_1_29' title="bbox 174 3063 791 3127; baseline -0.005 -13"><span class='ocrx_word' id='word_1_187' title='bbox 174 3067 235 3120; x_wconf 81' lang='lat' dir='ltr'>Qnae</span> <span class='ocrx_word' id='word_1_188' title='bbox 246 3065 291 3114; x_wconf 83' lang='lat' dir='ltr'>tibi</span> <span class='ocrx_word' id='word_1_189' title='bbox 301 3065 423 3127; x_wconf 80' lang='lat' dir='ltr'>polliceor</span> <span class='ocrx_word' id='word_1_190' title='bbox 430 3064 523 3127; x_wconf 84' lang='lat' dir='ltr'>reduci,</span> <span class='ocrx_word' id='word_1_191' title='bbox 535 3063 657 3127; x_wconf 86' lang='lat' dir='ltr'>rebusque</span> <span class='ocrx_word' id='word_1_192' title='bbox 668 3063 791 3123; x_wconf 85' lang='lat' dir='ltr'>secundis,</span> 
     </span>
    </p>

    <p class='ocr_par' dir='ltr' id='par_1_15' title="bbox 175 3154 806 3217">
     <span class='ocr_line' id='line_1_30' title="bbox 175 3154 806 3217; baseline -0.006 -14"><span class='ocrx_word' id='word_1_193' title='bbox 175 3156 233 3204; x_wconf 71' lang='lat' dir='ltr'>Huc</span> <span class='ocrx_word' id='word_1_194' title='bbox 242 3154 328 3204; x_wconf 81' lang='lat' dir='ltr'>eudem</span> <span class='ocrx_word' id='word_1_195' title='bbox 335 3154 455 3217; x_wconf 81' lang='lat' dir='ltr'>matrique</span> <span class='ocrx_word' id='word_1_196' title='bbox 465 3162 514 3204; x_wconf 83' lang='lat' dir='ltr'>tuae</span> <span class='ocrx_word' id='word_1_197' title='bbox 525 3155 654 3217; x_wconf 78' lang='lat' dir='ltr'>generique</span> <span class='ocrx_word' id='word_1_198' title='bbox 666 3154 806 3204; x_wconf 82' lang='lat' dir='ltr'>manebunt.</span> 
     </span>
    </p>
   </div>
   <div class='ocr_carea' id='block_1_7' title="bbox 0 0 1172 3734">
    <p class='ocr_par' dir='ltr' id='par_1_16' title="bbox 0 0 1172 3734">
     <span class='ocr_line' id='line_1_31' title="bbox 0 0 1172 3734; baseline 0 1"><span class='ocrx_word' id='word_1_199' title='bbox 0 0 1172 3734; x_wconf 95' lang='lat' dir='ltr'> </span> 
     </span>
    </p>
   </div>
  </div>
 </body>
</html>
