2334 3734
198 549 246 597 2⁰4
425 547 453 596 P.
469 544 608 594 VIRGILll
625 541 778 593 MARONIS

201 679 288 726 Pastor
299 689 372 738 agesu
383 673 450 736 telis,
461 672 580 738 liquitque
591 671 690 724 volatile
699 674 794 724 ferrum

202 766 305 816 Nescius
315 786 324 830 3
340 765 386 815 illa
396 766 454 828 luga
462 765 536 814 silvas
546 765 671 827 saltusque
682 772 794 827 peragrat
854 797 860 810 .

203 859 328 922 Dictaeos3
345 859 423 909 lsaeret
432 857 504 907 lateri
514 857 595 907 letalis
606 856 709 906 arundo.

202 952 275 1000 Nunc
286 948 367 999 media
377 950 474 998 AEnean
484 962 566 998 seeum
576 962 621 1011 per
632 945 724 995 moenia
736 944 813 1006 ducit,
898 951 904 958 '

201 1039 362 1103 Sidoniasque
373 1046 480 1089 ostentat
490 1053 560 1103 opes,
570 1039 705 1100 urbemque
716 1044 825 1102 paratam
836 1055 845 1099 ;

203 1129 294 1193 Incipit
304 1128 383 1190 ellari,
395 1128 522 1191 modiaqde
531 1128 558 1177 in
569 1142 629 1178 voce
639 1127 740 1178 resistit.

205 1221 278 1270 Nunc
288 1219 384 1281 eadem,
395 1220 492 1268 labente
502 1217 552 1280 die,
563 1217 676 1267 convivia
686 1217 783 1280 quaerit,

205 1309 340 1374 lllaoosque
350 1310 440 1360 iterum
451 1309 552 1358 demens
562 1307 647 1358 audire
658 1309 755 1357 labores

182 1425 185 1430 -
204 1399 333 1463 Exposuit,
344 1397 480 1464 pendetque
490 1399 580 1448 iterum
593 1397 715 1448 narrantis
726 1397 756 1446 ab
767 1409 819 1446 ore.

205 1491 275 1551 Post,
287 1489 330 1539 ubl
340 1489 453 1552 digressi,
465 1490 597 1552 lumenque
608 1489 712 1538 obseura
721 1485 828 1537 vioiusim

206 1582 277 1630 buna
286 1579 386 1643 premit,
398 1579 547 1642 suadentque
558 1579 671 1628 cadentia
681 1577 762 1629 sidera
773 1591 887 1629 somnos:

207 1671 266 1719 Sola
276 1669 351 1720 domo
362 1676 448 1718 maeret
457 1683 543 1730 vacus,
554 1669 685 1732 stratisque
697 1668 789 1718 relictis

206 1760 316 1809 lucubat.
349 1759 424 1808 Illum
436 1760 524 1809 absens
534 1759 660 1809 absentem
671 1758 785 1822 auditque
795 1758 914 1822 videtque.
966 1771 969 1776 '

208 1850 260 1899 Aut
270 1848 364 1911 gremio
374 1848 520 1909 Asoanium,
532 1849 649 1911 genitoris
661 1849 767 1911 imagine
778 1858 859 1914 capto,

180 1955 184 1962 ¹
208 1939 316 2000 Detinet,
328 1938 456 1988 infandum
467 1939 489 1988 si
499 1939 586 1988 fallere
596 1939 675 2003 possit
685 1953 803 1989 amorem.

210 2035 268 2083 Non
278 2039 364 2096 ooeptae
375 2032 509 2094 adsurgunt
518 2039 600 2082 turres
611 2051 619 2096 ς
637 2047 688 2082 non
700 2046 768 2082 arma
775 2035 893 2094 juventus

210 2124 333 2185 Exercetg
349 2128 463 2184 portusve
475 2130 518 2171 aut
527 2125 710 2186 propugnacula
721 2124 788 2173 bello

208 2213 275 2261 'liuta
284 2219 387 2275 parant:
404 2211 513 2275 pendent
522 2226 598 2276 opera
608 2212 754 2277 interrupta,
766 2212 897 2276 minaeque.

210 2303 342 2351 Murorum
354 2302 475 2365 lugentes,
486 2311 629 2366 aequataque
640 2303 753 2352 machina
763 2303 836 2352 coelo.

246 2394 327 2448 Quam
338 2392 413 2442 simul
424 2407 452 2442 ao
462 2392 507 2443 tali
516 2392 638 2456 persensit
647 2399 715 2455 peste
725 2390 804 2442 teneri

213 2481 277 2532 Cera
287 2481 357 2532 lovis
367 2485 488 2544 conjunx,
499 2497 546 2532 neo
557 2484 649 2532 famam
660 2483 758 2532 obstare
768 2479 863 2544 lurori3

212 2572 314 2621 Talibus
325 2570 465 2633 adgreditur
476 2573 598 2621 Venerem
608 2571 724 2622 Saturnia
735 2570 819 2621 dictis:

213 2659 342 2723 Egregium
352 2674 409 2710 vero
421 2660 519 2710 laudem
531 2668 557 2708 et
567 2661 646 2724 spolia
656 2661 737 2725 ampla
749 2660 846 2710 refertis

213 2751 300 2813 'litque
311 2763 419 2814 puerque
430 2757 505 2812 tuus3
523 2763 639 2811 magmm
651 2757 676 2799 et
686 2749 846 2800 memorabile
857 2765 959 2811 numen,

215 2841 274 2890 Una
284 2839 341 2889 dolo
352 2838 434 2889 divom
446 2839 467 2888 si
476 2839 570 2889 lomina
580 2840 644 2890 victa
653 2839 759 2889 duorum
771 2847 816 2890 ost.

217 2931 269 2980 Neo
280 2928 390 2978 mesdeo
401 2929 476 2990 fallit,
489 2929 592 2978 veritam
603 2937 628 2979 te
639 2929 730 2980 moenia
742 2939 837 2993 nosba,

213 3021 342 3082 Suspectus
353 3019 467 3069 habuisse
477 3019 564 3069 domos
576 3020 731 3082 Carthaginis
744 3021 808 3070 altae.

215 3107 264 3159 Sed
274 3108 329 3170 quis
339 3108 387 3157 erit
398 3108 505 3160 modus?
524 3116 568 3159 ant
578 3124 627 3173 quo
639 3125 704 3159 nuno
714 3109 848 3160 certamina
858 3112 946 3159 tana?
984 3109 987 3118 '

216 3197 283 3254 Quin
294 3197 376 3261 potius
386 3211 470 3262 paoem
481 3206 599 3266 eternam
610 3207 740 3264 pactosque
752 3199 898 3264 Hymenaeon
