2334 3734
417 543 574 596 AENEIDOS
592 546 654 593 LIB.
671 548 726 596 vll.
922 550 968 599 295

172 671 264 720 Omnia
274 672 320 719 sub
330 670 440 734 pedibus,
451 686 499 734 qus
509 674 554 723 Sol
563 680 695 737 utrumque
706 688 833 727 recurrens

171 760 282 823 Adspicit
291 761 427 821 Οωοιιιιω,
437 762 548 823 vertique
557 763 656 826 regique
665 750 788 816 videbunt.

172 851 231 898 Haec
242 862 358 912 mponsa
368 850 443 912 patris
454 850 543 911 Fanni,
555 851 711 915 monitusque
721 854 803 903 silenti

173 940 251 988 Nocte
261 929 340 999 utos,
349 953 399 987 nou
411 939 463 1002 ipse
473 952 519 987 sao
529 940 619 1003 premit
629 954 672 989 ore
683 942 797 992 mnus:

173 1027 220 1075 Sed
230 1027 321 1076 circum
333 1009 494 1078 iatevolitsns
503 1032 555 1089 jam
568 1032 642 1079 Fama
652 1044 694 1094 per
703 1033 770 1082 urbis

171 1117 293 1165 Ausonias
303 1119 409 1180 tulerat3
427 1132 502 1180 quum
514 1120 688 1169 Laomedontia
699 1123 774 1184 pubes

171 1204 301 1254 Gramineo
312 1204 493 1269 ripae'reiigatit
501 1210 532 1257 ab
542 1222 628 1269 aggere
639 1210 749 1258 classem.

202 1296 302 1365 AEneap,
313 1296 433 1367 primique
443 1298 526 1356 duoes,
534 1305 560 1346 et
569 1299 653 1360 pulcer
663 1299 740 1359 iuius,

172 1384 282 1447 Corpora
292 1388 337 1435 sub
347 1388 422 1435 ramis
432 1387 557 1450 deponunt
568 1386 662 1457 arboris
673 1388 744 1450 altss3

171 1473 349 1536 instituuntque
360 1476 444 1538 dapes,
455 1483 481 1524 et
490 1476 579 1525 adorea
591 1476 642 1524 liba
651 1488 694 1537 per
705 1476 805 1525 herbam
878 1466 883 1473 ’

168 1561 303 1621 snbjicinnt
313 1563 390 1625 epuiis
405 1562 451 1627 (sic
461 1564 574 1626 iuppiter
586 1564 627 1612 ille
642 1563 765 1626 mouebat)

166 1652 199 1699 Et
210 1652 309 1701 Cereale
320 1654 400 1701 solum
410 1654 489 1715 pomis
500 1652 633 1715 agrestibus
645 1662 740 1715 augent.

169 1722 309 1789 Consumtis
319 1740 359 1788 iric
370 1741 434 1789 forte
444 1742 509 1802 aliis,
521 1750 549 1791 ut
560 1750 653 1791 vertere
665 1756 760 1791 morsus

124 1880 133 1899 ,
166 1826 286 1889 Exiguam
298 1826 323 1876 in
336 1829 450 1877 Cererem
461 1832 562 1893 penuria
571 1830 651 1892 adegit
662 1831 759 1892 edendi,

166 1916 199 1964 iit
209 1914 299 1964 violare
311 1930 384 1966 manu
395 1918 513 1981 malisque
524 1920 653 1969 audacibus
665 1922 748 1969 orbem

166 2004 255 2061 Fatalis
266 2006 352 2065 crusti,
363 2006 452 2069 patulis
464 2022 508 2057 nec
519 2022 617 2070 parcere
628 2008 740 2072 quadris:

166 2092 248 2139 Heras!
267 2092 339 2141 etiam
351 2108 447 2143 mensas
458 2097 643 2144 consumimus?
658 2096 737 2160 inquit
748 2098 823 2146 Iulus.

96 2190 103 2197 ·
166 2165 217 2225 N'ec
228 2179 299 2240 plura
310 2180 435 2228 adludens.
468 2182 505 2230 iia
515 2196 563 2230 vox
574 2181 656 2230 audita
666 2184 777 2231 laborum

166 2265 249 2315 Prima
258 2268 316 2315 tulit
325 2269 410 2327 finem,
421 2269 572 2331 primamque
582 2269 704 2330 loquentis
715 2270 746 2317 ab
757 2282 799 2325 ore

165 2353 262 2417 Eripuit
271 2364 349 2417 pater,
361 2369 388 2403 ac
399 2356 546 2417 stupefactus
558 2356 658 2406 numine
674 2355 768 2417 pressit.

168 2442 301 2502 Continuo,
314 2444 384 2493 Salve
396 2444 452 2492 fatis
464 2444 526 2491 mihi
537 2444 617 2493 debita
628 2444 724 2503 Tellus,

165 2532 271 2593 Vosque,
282 2534 326 2591 ait,
339 2548 355 2580 o
365 2533 408 2581 ddi
420 2534 501 2593 'rrojae
513 2534 603 2581 salvete
614 2534 724 2583 Penates.

164 2617 211 2667 Hic
221 2620 318 2680 domus,
331 2622 382 2669 inec
393 2622 472 2684 patria
482 2629 526 2670 est.
560 2621 662 2669 Genitor
675 2619 735 2669 mihi
746 2619 814 2680 talla,
825 2634 929 2681 namque

162 2708 235 2756 Nunc
246 2717 338 2771 repeto,
348 2709 468 2777 'Anchises
481 2710 587 2758 fatorum
598 2724 686 2759 areana
696 2710 807 2771 reliquitz

164 2796 246 2848 Quum
257 2774 293 2856 te,
305 2804 370 2856 nate,
384 2800 460 2847 fames
471 2798 553 2859 ignota
563 2798 593 2846 ad
605 2799 679 2847 litora
689 2805 783 2847 recurri

164 2882 260 2932 Adcisis
271 2892 341 2946 coget
352 2886 452 2947 dapibus
464 2900 607 2957 consumere
619 2898 728 2935 mensas:

163 2972 228 3019 Tum
239 2986 335 3035 sperare
346 2972 433 3022 domos
446 2974 564 3034 defessus,
577 2973 657 3034 ibique
670 2978 792 3021 memento

163 3058 246 3107 Prima
255 3062 336 3108 loosre
347 3073 421 3108 mauu
434 3060 563 3122 molirique
574 3073 660 3121 aggere
671 3066 740 3107 teuta.

163 3149 221 3197 Haec
231 3156 283 3196 erat
294 3148 337 3197 iiia
348 3148 442 3208 samm
463 3149 515 3196 irase
526 3161 571 3196 nos
583 3158 696 3210 suprema
708 3146 828 3204 manebat,
