2334 3734
412 538 569 589 muarnos
590 539 653 588 um.
670 541 714 589 vr.
763 560 767 568 ·
899 532 962 594 *osa

165 662 282 716 Obscuris
293 672 351 715 vera
362 666 501 717 involvens:
519 682 549 718 ea
560 669 630 718 frena
640 669 731 719 furenti

163 758 289 819 Concutit,
300 767 326 808 et
337 758 450 808 stimulos
461 761 506 809 sub
517 767 614 823 pectore
625 760 699 809 vertit
708 761 808 823 Apollo.

163 850 200 898 Ut
210 848 315 911 primum
328 849 401 898 cessit
411 849 491 908 furor,
502 857 527 898 et
539 849 623 898 rabida
632 863 677 897 ore
687 849 817 913 quierunt3

165 938 254 1002 Incipit
263 940 354 988 AEneas
366 940 454 987 heros:
473 926 530 987 Non
542 941 594 988 ulla
604 941 726 1001 laborum,

165 1027 188 1077 0
199 1028 278 1089 virgo,
291 1042 353 1076 nora
364 1027 398 1075 mi
409 1028 482 1077 facies
494 1026 622 1090 inopinave
633 1030 718 1091 surgit.

167 1116 259 1167 Omnia
269 1118 381 1180 praecepi,
392 1124 465 1179 atque
477 1119 559 1166 animo
572 1133 667 1167 mecum
679 1126 736 1167 ante
746 1102 835 1181 peregi
847 1101 851 1107 ”
939 1103 942 1107 ’

81 1224 84 1228 ’
165 1209 250 1257 Unum
263 1222 327 1270 oro;
345 1208 441 1270 quando
453 1208 493 1256 hic
505 1208 596 1256 inferni
603 1211 680 1269 janua
690 1208 753 1269 regis

84 1294 88 1299 ’
134 1336 135 1341 ,
166 1296 272 1357 Dicitur,
285 1305 310 1346 et
320 1298 450 1347 tenebrosa
462 1298 530 1361 palus
542 1297 682 1345 Acheronte
693 1298 792 1346 refusos

167 1389 207 1437 lre
218 1388 249 1437 ad
260 1396 415 1451 conspectum
427 1388 478 1436 cori
489 1386 606 1448 genitoris
617 1395 642 1435 et
652 1400 697 1435 ora

166 1479 299 1541 Contingat
309 1499 316 1541 ;
334 1480 420 1528 doceas
432 1479 489 1537 iter,
502 1486 526 1527 et
537 1492 607 1527 sacra
618 1478 681 1526 ostia
692 1477 791 1540 pandos.

166 1570 240 1632 Illum
251 1583 295 1631 ego
307 1584 350 1633 per
362 1568 484 1627 flammas,
495 1576 520 1617 et
531 1568 599 1615 mille
611 1566 736 1629 sequentia
745 1567 805 1627 tela,

166 1659 251 1722 Eripui
262 1659 301 1707 his
312 1658 432 1719 humeris,
444 1658 572 1720 medioque
583 1672 615 1705 ex
626 1658 697 1706 hoste
708 1656 804 1719 recepi3

167 1749 223 1810 lile,
236 1762 317 1797 meum
329 1750 458 1797 comitatus
469 1748 526 1807 iter,
539 1748 617 1796 maria
626 1746 710 1795 omnia
721 1760 817 1795 meeum
838 1727 841 1730 ¹

124 1824 132 1835 ⁶
166 1840 247 1900 Atque
258 1836 338 1885 omnis
350 1838 475 1899 pelagique
486 1838 565 1885 minas
576 1836 680 1897 coelique
690 1835 784 1884 ferebat
860 1845 863 1851 ·

168 1926 302 1983 Invalidus,
314 1926 376 1974 vires
388 1927 453 1973 ultra
463 1934 602 1987 sortemque
614 1932 725 1996 senectae.

168 2014 246 2077 Quip,
259 2023 286 2064 ut
296 2026 321 2064 te
332 2016 434 2077 supplex
446 2022 564 2077 peterem,
576 2023 602 2063 et
612 2022 655 2062 tua
666 2014 753 2061 limina
763 2012 867 2074 adirem,

169 2105 237 2154 ldem
248 2119 321 2154 orans
333 2104 447 2153 mandata
457 2104 537 2152 dabat.
571 2104 693 2164 Gnatique
703 2102 837 2165 patrisque,

168 2196 252 2255 Alma,
265 2208 360 2257 precor,
372 2194 489 2241 miserere
500 2212 507 2256 3
526 2200 595 2254 potes
606 2169 823 2252 narnqueornnia3
841 2204 885 2239 nee
898 2197 921 2239 te

170 2284 340 2347 Nequidquam
351 2283 412 2332 lucis
425 2284 515 2330 Hecate
526 2280 634 2343 prefecit
645 2279 749 2328 Auernis
759 2299 768 2341 ;
826 2308 829 2318 ι

170 2375 197 2424 Si
208 2374 288 2439 potuit
299 2373 380 2423 Manis
392 2386 514 2423 arcessere
525 2370 635 2431 conjugis
648 2369 772 2434 Orpheus,

169 2464 283 2513 Threicia
294 2464 370 2533 fretus
381 2463 474 2511 cithara
484 2461 621 2522 fidibusque
631 2458 728 2508 canoris
738 2478 744 2506 ι

170 2554 197 2605 Si
209 2556 310 2603 fratrem
324 2555 411 2603 Pollux
423 2555 518 2601 alterna
529 2560 609 2600 morte
620 2549 733 2609 redemit,

171 2646 240 2707 itque
252 2643 362 2707 reditque
373 2644 435 2691 viam
447 2643 528 2691 toties.
563 2639 629 2695 Quid
642 2640 748 2702 Thesea,
760 2652 875 2701 magnum

171 2734 238 2790 Quid
248 2748 382 2783 memorem
396 2732 515 2807 Alciden?
535 2733 568 2779 Et
579 2730 613 2778 mi
625 2744 701 2791 genus
712 2730 743 2777 ab
754 2731 817 2779 Jove
829 2742 934 2777 summo.

203 2824 305 2873 Talibus
316 2824 403 2873 orabat
411 2822 493 2881 dictis,
505 2835 607 2883 arasque
618 2821 733 2881 tenebat3

171 2915 254 2968 Quum
268 2912 303 2961 sic
315 2926 372 2962 orsa
383 2912 450 2973 loqui
463 2918 543 2960 vates:
562 2912 620 2959 Sate
632 2907 751 2969 sangnine
761 2906 864 2965 divom,

171 3004 235 3052 Tros
247 3001 405 3061 Anchisiade,
417 3000 495 3049 facilis
506 3000 637 3049 descensus
648 3000 764 3058 Averno;

173 3094 264 3141 Noctes
277 3100 351 3155 atque
361 3090 412 3139 dios
424 3095 490 3153 patet
500 3088 547 3137 stri
555 3089 633 3149 janua
643 3083 724 3146 Ditis3

174 3182 223 3231 Sed
233 3195 347 3231 revocare
356 3179 471 3242 gradum5
480 3189 628 3243 superasque
638 3174 739 3225 evadere
748 3173 780 3222 ad
790 3186 872 3233 aures,
