2334 3734
186 524 233 576 196
414 524 442 573 Ρ.
458 522 597 572 vinolam
613 519 769 570 MAnonrs

186 655 346 719 Respicimus.
379 653 440 702 Dira
450 653 556 713 illuvies,
569 651 718 713 inmissaque
730 651 816 711 barba,

188 746 335 795 Consertum
347 752 461 805 tegumen
472 742 563 806 spinis=
581 749 607 790 at
617 748 698 790 cetera
708 741 809 802 Graius,

187 837 219 883 Et
229 835 352 897 quondam
364 833 448 897 patriis
459 834 490 882 ad
500 834 602 893 'trojam
614 831 702 880 missus
714 831 740 879 in
751 829 835 880 armis.

187 926 259 987 Isque
271 924 311 973 ubi
323 924 461 973 Dardanios
472 923 569 972 habitus
580 931 606 972 et
615 922 691 971 Troia
703 921 763 972 vidit

185 1016 263 1063 Arma
273 1015 374 1077 procul:
391 1015 502 1076 paullum
511 1013 625 1076 adspectu
636 1013 784 1061 conterritus
795 1009 876 1071 hesit,

188 1103 363 1166 Continuitque
374 1104 475 1166 gradum
484 1123 493 1165 3
511 1117 570 1152 mox
581 1116 634 1152 sese
645 1101 676 1150 ad
686 1101 760 1151 litora
770 1114 877 1165 preceps

84 1249 90 1255 ,
189 1196 252 1245 Cum
264 1194 494 1258 detuprecibusque
504 1193 570 1242 tulit
605 1187 651 1241 Pe‘r
664 1191 744 1240 sidera
754 1198 841 1251 testor,

189 1285 236 1332 Per
247 1297 361 1347 superos,
373 1283 504 1346 atquohoc
514 1282 570 1332 ooeli
582 1282 698 1345 spirabile
708 1282 805 1331 lumen:

186 1373 279 1422 Tollite
291 1387 341 1434 me,
351 1373 458 1435 Teucri3
476 1384 641 1435 quascumque
653 1370 765 1420 abducite
775 1377 870 1431 terras,

189 1465 243 1513 Hoc
254 1470 292 1512 sat
302 1462 357 1513 erit.
391 1463 448 1512 Scio
458 1477 499 1510 me
509 1461 601 1512 Danais
613 1476 627 1510 e
638 1459 755 1510 classibus
765 1473 854 1518 mum,

188 1554 222 1603 Et
231 1554 297 1602 bello
309 1553 396 1603 lliaoos
409 1554 487 1603 tamor
497 1552 595 1616 petiisse
607 1553 723 1600 Penates:

190 1645 238 1692 Pro
250 1658 309 1706 quo,
321 1644 341 1692 si
353 1644 452 1692 sceleris
463 1652 532 1693 tanta
542 1652 581 1692 est
592 1641 683 1703 injuria
693 1639 782 1701 nostri,

187 1734 298 1797 Spargite
308 1748 348 1783 me
359 1734 385 1782 in
396 1733 495 1792 dttcnas,
503 1740 619 1794 vaswque
630 1729 758 1792 inmergite
770 1736 854 1793 ponto.

188 1823 215 1872 Si
226 1837 314 1886 pereo;
331 1822 460 1872 hominnm
471 1821 585 1869 manibus
596 1810 696 1884 periisse
703 1819 805 1880 juvabit.

187 1911 306 1974 Dixerat,
323 1919 348 1961 et
358 1924 437 1972 genua
446 1910 584 1972 amplexus,
596 1907 745 1970 genibusque
755 1908 869 1958 volutans

188 2001 311 2050 Haerebat.
344 1999 394 2055 Qui
401 1998 444 2060 sit,
455 1999 513 2061 fari,
524 2013 573 2061 qno
584 1997 703 2060 sanguine
713 2005 805 2060 uetus,
848 2025 850 2030 ·
912 2019 914 2025 v

189 2090 341 2151 Hortamur3
358 2103 412 2150 quae
423 2087 511 2148 deinde
521 2087 595 2150 agitet
606 2088 724 2148 Fortuna,
733 2087 812 2136 fateri.

187 2177 242 2240 lpse
251 2184 319 2240 pater
330 2177 442 2227 dextram
454 2177 586 2238 Anehbes,
597 2177 664 2226 haud
676 2177 755 2226 multa
766 2186 886 2238 moranus,

186 2266 236 2316 Dat
242 2267 346 2330 juveni3
362 2275 435 2330 atque
446 2267 556 2317 ardmum
567 2267 682 2332 prasenti
692 2267 794 2332 pignore
803 2269 893 2318 firmat.

189 2356 234 2426 llle
245 2356 308 2418 haee,
320 2356 430 2421 deposita
439 2357 538 2406 tandem
549 2356 692 2418 formidine,
704 2358 783 2406 lature

219 2446 281 2495 Sum
291 2446 371 2509 paula
381 2461 413 2495 ex
425 2447 518 2508 lthaoa,
529 2461 611 2496 comes
624 2445 728 2496 infelicis
741 2445 822 2507 Ulixi,

187 2537 285 2584 Nomen
296 2535 484 2597 Achemenides,
495 2539 608 2598 Troiam,
620 2536 729 2598 genitore
740 2535 874 2600 Adamasto

187 2625 307 2686 Paupere,
323 2624 510 2688 (mansissetque
521 2625 617 2674 utinam
628 2625 737 2674 Fortuna
747 2623 766 2686 l)
781 2626 913 2688 proiectus.

187 2711 235 2762 Hic
247 2727 296 2773 me,
307 2713 367 2763 dum
378 2713 466 2778 trepidi
477 2714 586 2764 crudelia
596 2713 684 2764 limina
694 2714 818 2777 linquunt,

187 2805 337 2854 Inmemores
348 2802 409 2853 socii
419 2811 488 2854 vasto
501 2805 612 2869 cyclopis
624 2805 651 2854 in
662 2812 733 2855 antro

185 2894 329 2941 Deseruere.
362 2894 457 2944 Domus
469 2894 537 2945 sanie
548 2895 698 2960 dapibusque
708 2895 827 2958 cruentis,

185 2981 254 3030 Intus
265 2996 351 3045 opaca,
362 2983 456 3046 ingens.
490 2987 544 3049 lpse
555 2986 655 3048 arduus,
667 2987 762 3058 altaque
772 2987 853 3051 pulsat

184 3070 281 3132 Sidera,
296 3073 349 3137 (Di,
361 3075 435 3124 talem
445 3075 518 3125 terris
529 3077 629 3126 avertite
640 3085 733 3140 pestem
740 3076 759 3140 l)

183 3161 236 3211 Nec
246 3163 301 3212 visu
313 3162 403 3226 facilis,
414 3179 459 3214 nee
469 3166 537 3214 dictu
552 3165 664 3215 adfabilis
675 3165 730 3215 ulli.
