2334 3734
204 561 252 609 23⁰
428 560 455 607 P.
472 553 610 605 VIRGILII
628 549 781 601 MARONIS

205 690 255 741 Ore
267 691 343 739 favete
353 702 450 749 omnes,
461 695 486 736 et
495 694 607 749 tempore
615 682 704 745 cingite
715 680 799 731 rumis.

236 780 277 832 Sic
289 780 363 837 fatus,
375 779 438 828 velat
448 784 561 826 materne
570 783 683 836 tempore
693 779 783 837 myrto,

203 872 257 921 Hoc
269 870 388 933 Helymus
397 866 465 927 ducit,
477 866 523 914 hcc
535 865 581 914 aevi
593 871 703 913 maturus
716 863 825 920 Acestes

206 962 259 1009 Hoc
271 973 330 1023 puer
338 957 475 1019 Ascanium
493 956 602 1017 sequitur
613 968 676 1017 quos
687 960 768 1001 cetera
774 951 859 1013 pubes.

206 1050 275 1099 lllee
287 1048 392 1098 concilio
405 1045 489 1095 multis
497 1058 553 1093 cum
564 1042 674 1092 millibus
684 1042 736 1090 ibet

204 1140 244 1191 Ad
254 1141 388 1200 tumulum,
400 1150 487 1199 magne
498 1136 592 1185 medius
604 1134 736 1184 comitante
748 1138 851 1181 caterve

207 1231 252 1280 Hic
265 1230 314 1279 duo
325 1229 372 1279 rite
382 1242 451 1277 mero
461 1227 541 1275 libans
552 1224 676 1274 carchesia
685 1222 783 1296 Baccbo

206 1320 296 1372 Fundit
306 1320 387 1381 humi,
398 1319 447 1368 duo
458 1319 522 1367 lecte
532 1330 606 1376 novo,
618 1315 667 1364 duo
678 1312 796 1374 sangrrine
806 1324 892 1373 sacro3

208 1412 394 1473 Purpureusque
402 1408 463 1469 jacit
473 1406 557 1467 dores,
569 1419 597 1454 sc
607 1404 668 1453 talis
677 1403 759 1451 faurrt

209 1501 291 1561 Salve,
303 1506 384 1549 sancte
394 1512 492 1561 pareus,
504 1498 611 1558 iterum3
624 1495 714 1543 salvete
724 1491 814 1556 recepti

208 1588 377 1652 Nequidquam
386 1588 490 1645 cineres,
502 1586 638 1648 anirnaeque
648 1584 788 1645 umbrreque
796 1588 912 1645 paterne.

209 1681 266 1728 Non
278 1678 348 1728 licuit
358 1677 414 1726 finis
427 1678 512 1736 Italos,
524 1676 654 1738 fataliaque
663 1688 731 1733 arra,

210 1770 262 1818 Nec
273 1775 355 1817 tecum
365 1766 513 1825 Ausonium,
525 1766 670 1827 quicumque
680 1770 728 1824 est,
739 1776 847 1827 querere
856 1760 985 1825 Thybrim,
1033 1796 1042 1804 .

211 1857 314 1907 Dixerat
324 1840 391 1906 bec:
409 1856 487 1919 adytis
498 1869 573 1917 quum
586 1854 693 1903 lubricus
704 1854 790 1916 anguis
798 1856 829 1903 ub
839 1852 896 1901 imis

208 1948 307 2009 Septem
318 1944 403 2005 ingens
413 1956 495 2006 gyros,
507 1954 606 2005 septena
615 1943 751 2003 volumina,
763 1943 848 2003 traxit,

140 2093 144 2100 ¹
209 2034 345 2098 Amblexus
356 2032 449 2097 placide
460 2034 594 2091 tumulum,
603 2033 733 2095 lapsusque
742 2046 787 2095 per
797 2044 864 2081 arcs:

211 2126 326 2176 esrueae
337 2124 377 2173 cui
387 2132 455 2185 terga
465 2131 530 2173 notae
538 2124 678 2172 musculosus
688 2131 714 2173 et
724 2138 784 2172 euro

211 2216 343 2277 §quum
354 2213 498 2263 incendebat
508 2214 601 2275 fulgur:
619 2228 665 2263 ceu
675 2213 780 2263 nubibus
791 2227 862 2263 uuus

212 2302 284 2353 Mille
292 2302 352 2365 jecit
362 2302 443 2351 varios
454 2303 554 2351 adverto
567 2304 620 2352 soie
630 2304 735 2352 colores.

212 2392 345 2456 Obstupuit
354 2392 408 2441 visu
419 2394 517 2442 AEnees.
550 2393 597 2441 Ille
605 2392 701 2453 agmine
712 2393 785 2453 lengo

209 2481 321 2532 Tandem
332 2482 396 2535 inter
406 2491 501 2545 pateras
512 2489 537 2531 et
546 2482 610 2532 levis
619 2483 708 2545 peuda
718 2495 818 2544 serpens

210 2570 351 2633 Libsvitque
362 2571 446 2633 dspes,
459 2586 592 2634 rursusque
602 2571 718 2621 innoxius
733 2570 785 2619 inc

212 2658 332 2707 Successit
343 2659 449 2718 tumulo,
462 2667 488 2708 et
496 2660 596 2723 depasta
607 2660 695 2709 alteris
705 2660 786 2723 liquit.

211 2748 265 2796 Hoc
276 2747 351 2809 magis
364 2747 473 2811 inceptos
484 2749 589 2810 genituri
599 2750 848 2811 instaurationem,

211 2838 332 2899 Incertus,
345 2837 481 2887 Geniumne
491 2839 551 2899 loci,
564 2840 725 2888 Famulumne
736 2838 845 2901 parentis

210 2928 271 2975 Esse
281 2935 365 2991 putet3
382 2927 452 2977 oedtt
462 2927 531 2975 binus
542 2928 654 2977 demere
664 2928 781 2988 bidentis,

209 3018 304 3078 Totque
315 3031 382 3078 sues,
392 3017 495 3066 totidem
504 3016 622 3079 nigrantis
631 3024 700 3078 terga
708 3020 834 3079 juvencos.
925 2995 927 3000 Ι

210 3103 321 3165 unaque
332 3103 451 3153 fundebat
458 3106 558 3167 peteris,
569 3105 726 3167 animumque
734 3108 837 3157 recubet
904 3120 908 3125 ’

209 3190 324 3240 Anchise
334 3192 426 3252 magni,
437 3193 566 3254 Manisque
578 3193 718 3245 Acherunte
728 3195 857 3245 remutet.
