<?xml version="1.0" encoding="UTF-8"?>
<!DOCTYPE html PUBLIC "-//W3C//DTD XHTML 1.0 Transitional//EN"
    "http://www.w3.org/TR/xhtml1/DTD/xhtml1-transitional.dtd">
<html xmlns="http://www.w3.org/1999/xhtml" xml:lang="en" lang="en">
 <head>
  <title>
</title>
<meta http-equiv="Content-Type" content="text/html;charset=utf-8" />
  <meta name='ocr-system' content='tesseract 3.04.00' />
  <meta name='ocr-capabilities' content='ocr_page ocr_carea ocr_par ocr_line ocrx_word'/>
</head>
<body>
  <div class='ocr_page' id='page_1' title='image "./publiivirgiliim00heyngoog/publiivirgiliim00heyngoog_0075.png"; bbox 0 0 2334 3734; ppageno 0'>
   <div class='ocr_carea' id='block_1_1' title="bbox 376 510 704 561">
    <p class='ocr_par' dir='ltr' id='par_1_1' title="bbox 376 510 704 561">
     <span class='ocr_line' id='line_1_1' title="bbox 376 510 704 561; baseline 0.003 -1"><span class='ocrx_word' id='word_1_1' title='bbox 376 510 574 561; x_wconf 80' lang='lat' dir='ltr'><strong>GEORGIGON</strong></span> <span class='ocrx_word' id='word_1_2' title='bbox 591 513 654 560; x_wconf 76' lang='lat' dir='ltr'>nlo.</span> <span class='ocrx_word' id='word_1_3' title='bbox 671 514 704 561; x_wconf 82' lang='grc' dir='ltr'>Η.</span> 
     </span>
    </p>
   </div>
   <div class='ocr_carea' id='block_1_2' title="bbox 126 638 813 1153">
    <p class='ocr_par' dir='ltr' id='par_1_2' title="bbox 126 638 813 1064">
     <span class='ocr_line' id='line_1_2' title="bbox 127 638 797 705; baseline 0.007 -19"><span class='ocrx_word' id='word_1_4' title='bbox 127 639 220 692; x_wconf 74' lang='lat' dir='ltr'>Quaere</span> <span class='ocrx_word' id='word_1_5' title='bbox 233 638 312 702; x_wconf 86' lang='lat' dir='ltr'>prius.</span> <span class='ocrx_word' id='word_1_6' title='bbox 347 639 373 688; x_wconf 90' lang='lat' dir='ltr'>Si</span> <span class='ocrx_word' id='word_1_7' title='bbox 384 639 480 701; x_wconf 83' lang='lat' dir='ltr'>pinguis</span> <span class='ocrx_word' id='word_1_8' title='bbox 490 653 561 702; x_wconf 79' lang='lat' dir='ltr'>agros</span> <span class='ocrx_word' id='word_1_9' title='bbox 572 641 695 690; x_wconf 73' lang='lat' dir='ltr'>mooe</span> <span class='ocrx_word' id='word_1_10' title='bbox 702 641 797 705; x_wconf 69' lang='lat' dir='ltr'>amni:</span> 
     </span>
     <span class='ocr_line' id='line_1_3' title="bbox 126 728 813 792; baseline 0.006 -15"><span class='ocrx_word' id='word_1_11' title='bbox 126 728 213 777; x_wconf 79' lang='lat' dir='ltr'>Densa</span> <span class='ocrx_word' id='word_1_12' title='bbox 224 743 281 778; x_wconf 85' lang='lat' dir='ltr'>sere</span> <span class='ocrx_word' id='word_1_13' title='bbox 287 748 296 791; x_wconf 88' lang='lat'>;</span> <span class='ocrx_word' id='word_1_14' title='bbox 313 728 340 776; x_wconf 88' lang='lat' dir='ltr'>in</span> <span class='ocrx_word' id='word_1_15' title='bbox 350 729 427 778; x_wconf 87' lang='lat' dir='ltr'>denso</span> <span class='ocrx_word' id='word_1_16' title='bbox 440 744 490 779; x_wconf 89' lang='lat' dir='ltr'>nnn</span> <span class='ocrx_word' id='word_1_17' title='bbox 501 729 599 792; x_wconf 75' lang='lat' dir='ltr'>segnior</span> <span class='ocrx_word' id='word_1_18' title='bbox 610 732 684 780; x_wconf 84' lang='lat' dir='ltr'>ubere</span> <span class='ocrx_word' id='word_1_19' title='bbox 695 732 813 781; x_wconf 82' lang='lat' dir='ltr'>Bnoehut.</span> 
     </span>
     <span class='ocr_line' id='line_1_4' title="bbox 126 817 743 884; baseline 0.01 -20"><span class='ocrx_word' id='word_1_20' title='bbox 126 817 171 865; x_wconf 88' lang='lat' dir='ltr'>Sin</span> <span class='ocrx_word' id='word_1_21' title='bbox 184 818 293 866; x_wconf 89' lang='lat' dir='ltr'>tumulis</span> <span class='ocrx_word' id='word_1_22' title='bbox 305 817 397 868; x_wconf 84' lang='lat' dir='ltr'>ndniive</span> <span class='ocrx_word' id='word_1_23' title='bbox 408 819 489 867; x_wconf 87' lang='lat' dir='ltr'>solum</span> <span class='ocrx_word' id='word_1_24' title='bbox 499 819 620 882; x_wconf 82' lang='lat' dir='ltr'>collisque</span> <span class='ocrx_word' id='word_1_25' title='bbox 629 819 743 884; x_wconf 75' lang='lat' dir='ltr'>supinosr</span> 
     </span>
     <span class='ocr_line' id='line_1_5' title="bbox 127 907 809 975; baseline 0.009 -19"><span class='ocrx_word' id='word_1_26' title='bbox 127 907 234 970; x_wconf 89' lang='lat' dir='ltr'>indulge</span> <span class='ocrx_word' id='word_1_27' title='bbox 245 909 383 958; x_wconf 80' lang='lat' dir='ltr'>ordinibus.</span> <span class='ocrx_word' id='word_1_28' title='bbox 416 911 469 959; x_wconf 86' lang='lat' dir='ltr'>Neo</span> <span class='ocrx_word' id='word_1_29' title='bbox 479 910 558 960; x_wconf 79' lang='lat' dir='ltr'>secius</span> <span class='ocrx_word' id='word_1_30' title='bbox 572 911 653 961; x_wconf 84' lang='lat' dir='ltr'>omnis</span> <span class='ocrx_word' id='word_1_31' title='bbox 664 912 692 960; x_wconf 90' lang='lat' dir='ltr'>in</span> <span class='ocrx_word' id='word_1_32' title='bbox 703 927 809 975; x_wconf 84' lang='lat' dir='ltr'>unguem</span> 
     </span>
     <span class='ocr_line' id='line_1_6' title="bbox 126 999 705 1064; baseline 0.009 -18"><span class='ocrx_word' id='word_1_33' title='bbox 126 1000 269 1048; x_wconf 83' lang='lat' dir='ltr'>Arboribus</span> <span class='ocrx_word' id='word_1_34' title='bbox 281 999 368 1063; x_wconf 84' lang='lat' dir='ltr'>positis</span> <span class='ocrx_word' id='word_1_35' title='bbox 379 1007 446 1050; x_wconf 79' lang='lat' dir='ltr'>secto</span> <span class='ocrx_word' id='word_1_36' title='bbox 456 1001 496 1050; x_wconf 81' lang='lat' dir='ltr'>vin</span> <span class='ocrx_word' id='word_1_37' title='bbox 507 1001 586 1050; x_wconf 87' lang='lat' dir='ltr'>limite</span> <span class='ocrx_word' id='word_1_38' title='bbox 595 1001 705 1064; x_wconf 76' lang='lat' dir='ltr'>quadret</span> 
     </span>
    </p>

    <p class='ocr_par' dir='ltr' id='par_1_3' title="bbox 127 1071 729 1153">
     <span class='ocr_line' id='line_1_7' title="bbox 127 1071 729 1153; baseline 0.01 -17"><span class='ocrx_word' id='word_1_39' title='bbox 127 1071 165 1136; x_wconf 91' lang='lat' dir='ltr'>Ut</span> <span class='ocrx_word' id='word_1_40' title='bbox 176 1103 254 1152; x_wconf 78' lang='lat' dir='ltr'>saepe,</span> <span class='ocrx_word' id='word_1_41' title='bbox 266 1089 360 1150; x_wconf 75' lang='lat' dir='ltr'>ingenti</span> <span class='ocrx_word' id='word_1_42' title='bbox 371 1091 437 1139; x_wconf 91' lang='lat' dir='ltr'>bello</span> <span class='ocrx_word' id='word_1_43' title='bbox 449 1104 524 1153; x_wconf 85' lang='lat' dir='ltr'>quum</span> <span class='ocrx_word' id='word_1_44' title='bbox 535 1091 611 1152; x_wconf 84' lang='lat' dir='ltr'>longe</span> <span class='ocrx_word' id='word_1_45' title='bbox 620 1091 729 1141; x_wconf 83' lang='lat' dir='ltr'>eobortis</span> 
     </span>
    </p>
   </div>
   <div class='ocr_carea' id='block_1_3' title="bbox 127 1177 871 3210">
    <p class='ocr_par' dir='ltr' id='par_1_4' title="bbox 127 1177 871 3210">
     <span class='ocr_line' id='line_1_8' title="bbox 127 1177 759 1245; baseline 0.006 -20"><span class='ocrx_word' id='word_1_46' title='bbox 127 1177 258 1241; x_wconf 72' lang='lat' dir='ltr'>Explicuit</span> <span class='ocrx_word' id='word_1_47' title='bbox 269 1179 334 1239; x_wconf 88' lang='lat' dir='ltr'>legio</span> <span class='ocrx_word' id='word_1_48' title='bbox 337 1214 344 1239; x_wconf 90' lang='lat'>‚</span> <span class='ocrx_word' id='word_1_49' title='bbox 356 1186 382 1228; x_wconf 88' lang='lat' dir='ltr'>et</span> <span class='ocrx_word' id='word_1_50' title='bbox 391 1192 477 1243; x_wconf 76' lang='lat' dir='ltr'>compo</span> <span class='ocrx_word' id='word_1_51' title='bbox 487 1179 556 1230; x_wconf 83' lang='lat' dir='ltr'>stetit</span> <span class='ocrx_word' id='word_1_52' title='bbox 566 1195 653 1243; x_wconf 62' lang='grc' dir='ltr'>ψη</span> <span class='ocrx_word' id='word_1_53' title='bbox 664 1189 759 1245; x_wconf 58' lang='lat' dir='ltr'>merto,</span> 
     </span>
     <span class='ocr_line' id='line_1_9' title="bbox 128 1261 674 1330; baseline 0.005 -15"><span class='ocrx_word' id='word_1_54' title='bbox 128 1265 284 1330; x_wconf 82' lang='lat' dir='ltr'>Directaeque</span> <span class='ocrx_word' id='word_1_55' title='bbox 295 1267 368 1327; x_wconf 80' lang='lat' dir='ltr'>scies,</span> <span class='ocrx_word' id='word_1_56' title='bbox 380 1281 408 1316; x_wconf 85' lang='lat' dir='ltr'>ae</span> <span class='ocrx_word' id='word_1_57' title='bbox 419 1269 468 1318; x_wconf 82' lang='lat' dir='ltr'>inte</span> <span class='ocrx_word' id='word_1_58' title='bbox 477 1268 582 1318; x_wconf 75' lang='lat' dir='ltr'>fluctuet</span> <span class='ocrx_word' id='word_1_59' title='bbox 593 1261 674 1318; x_wconf 84' lang='lat' dir='ltr'>omnis</span> 
     </span>
     <span class='ocr_line' id='line_1_10' title="bbox 130 1355 777 1417; baseline 0.008 -14"><span class='ocrx_word' id='word_1_60' title='bbox 130 1355 191 1404; x_wconf 81' lang='lat' dir='ltr'>AEre</span> <span class='ocrx_word' id='word_1_61' title='bbox 201 1355 324 1405; x_wconf 83' lang='lat' dir='ltr'>renidenti</span> <span class='ocrx_word' id='word_1_62' title='bbox 335 1357 420 1417; x_wconf 84' lang='lat' dir='ltr'>tellus,</span> <span class='ocrx_word' id='word_1_63' title='bbox 431 1357 546 1408; x_wconf 86' lang='lat' dir='ltr'>necdum</span> <span class='ocrx_word' id='word_1_64' title='bbox 560 1357 663 1407; x_wconf 77' lang='lat' dir='ltr'>horrida</span> <span class='ocrx_word' id='word_1_65' title='bbox 672 1357 777 1408; x_wconf 86' lang='lat' dir='ltr'>misoent</span> 
     </span>
     <span class='ocr_line' id='line_1_11' title="bbox 132 1439 781 1506; baseline 0.006 -14"><span class='ocrx_word' id='word_1_66' title='bbox 132 1445 233 1506; x_wconf 73' lang='lat' dir='ltr'>Proelia,</span> <span class='ocrx_word' id='word_1_67' title='bbox 246 1444 290 1494; x_wconf 86' lang='lat' dir='ltr'>sed</span> <span class='ocrx_word' id='word_1_68' title='bbox 301 1444 389 1494; x_wconf 87' lang='lat' dir='ltr'>dubius</span> <span class='ocrx_word' id='word_1_69' title='bbox 399 1445 486 1495; x_wconf 88' lang='lat' dir='ltr'>mediis</span> <span class='ocrx_word' id='word_1_70' title='bbox 497 1439 566 1496; x_wconf 67' lang='lat' dir='ltr'>M‘ons</span> <span class='ocrx_word' id='word_1_71' title='bbox 577 1454 644 1496; x_wconf 83' lang='lat' dir='ltr'>erret</span> <span class='ocrx_word' id='word_1_72' title='bbox 654 1447 681 1496; x_wconf 91' lang='lat' dir='ltr'>in</span> <span class='ocrx_word' id='word_1_73' title='bbox 691 1447 781 1498; x_wconf 69' lang='lat' dir='ltr'>umis:</span> 
     </span>
     <span class='ocr_line' id='line_1_12' title="bbox 132 1532 759 1598; baseline 0.005 -16"><span class='ocrx_word' id='word_1_74' title='bbox 132 1532 222 1583; x_wconf 78' lang='lat' dir='ltr'>Omnia</span> <span class='ocrx_word' id='word_1_75' title='bbox 233 1534 285 1583; x_wconf 90' lang='lat' dir='ltr'>sint</span> <span class='ocrx_word' id='word_1_76' title='bbox 294 1534 393 1597; x_wconf 82' lang='lat' dir='ltr'>panibus</span> <span class='ocrx_word' id='word_1_77' title='bbox 405 1535 514 1584; x_wconf 88' lang='lat' dir='ltr'>numeris</span> <span class='ocrx_word' id='word_1_78' title='bbox 525 1535 637 1585; x_wconf 72' lang='lat' dir='ltr'>dimensa</span> <span class='ocrx_word' id='word_1_79' title='bbox 645 1535 740 1585; x_wconf 67' lang='lat' dir='ltr'>riuum</span> <span class='ocrx_word' id='word_1_80' title='bbox 751 1555 759 1598; x_wconf 89' lang='lat'><strong>;</strong></span> 
     </span>
     <span class='ocr_line' id='line_1_13' title="bbox 133 1623 815 1688; baseline 0.004 -17"><span class='ocrx_word' id='word_1_81' title='bbox 133 1623 189 1672; x_wconf 86' lang='lat' dir='ltr'>Non</span> <span class='ocrx_word' id='word_1_82' title='bbox 200 1623 313 1672; x_wconf 81' lang='lat' dir='ltr'>animum</span> <span class='ocrx_word' id='word_1_83' title='bbox 323 1623 397 1672; x_wconf 90' lang='lat' dir='ltr'>modo</span> <span class='ocrx_word' id='word_1_84' title='bbox 408 1623 445 1674; x_wconf 87' lang='lat' dir='ltr'>uti</span> <span class='ocrx_word' id='word_1_85' title='bbox 454 1632 536 1688; x_wconf 59' lang='lat' dir='ltr'>meet</span> <span class='ocrx_word' id='word_1_86' title='bbox 545 1631 688 1688; x_wconf 73' lang='lat' dir='ltr'>prospecto</span> <span class='ocrx_word' id='word_1_87' title='bbox 699 1624 815 1687; x_wconf 76' lang='lat' dir='ltr'>innnem3</span> 
     </span>
     <span class='ocr_line' id='line_1_14' title="bbox 133 1712 759 1776; baseline 0.002 -14"><span class='ocrx_word' id='word_1_88' title='bbox 133 1713 180 1762; x_wconf 87' lang='lat' dir='ltr'>Sed</span> <span class='ocrx_word' id='word_1_89' title='bbox 190 1713 247 1776; x_wconf 82' lang='lat' dir='ltr'>quin</span> <span class='ocrx_word' id='word_1_90' title='bbox 259 1727 311 1762; x_wconf 90' lang='lat' dir='ltr'>non</span> <span class='ocrx_word' id='word_1_91' title='bbox 322 1712 394 1762; x_wconf 81' lang='lat' dir='ltr'>nliter</span> <span class='ocrx_word' id='word_1_92' title='bbox 403 1712 467 1763; x_wconf 82' lang='lat' dir='ltr'>vires</span> <span class='ocrx_word' id='word_1_93' title='bbox 476 1713 544 1764; x_wconf 78' lang='lat' dir='ltr'>debit</span> <span class='ocrx_word' id='word_1_94' title='bbox 553 1713 668 1763; x_wconf 87' lang='lat' dir='ltr'>omnibns</span> <span class='ocrx_word' id='word_1_95' title='bbox 678 1727 759 1775; x_wconf 75' lang='lat' dir='ltr'>requae</span> 
     </span>
     <span class='ocr_line' id='line_1_15' title="bbox 133 1800 847 1866; baseline -0.001 -14"><span class='ocrx_word' id='word_1_96' title='bbox 133 1803 218 1864; x_wconf 83' lang='lat' dir='ltr'>Terra,</span> <span class='ocrx_word' id='word_1_97' title='bbox 232 1817 310 1866; x_wconf 83' lang='lat' dir='ltr'>neque</span> <span class='ocrx_word' id='word_1_98' title='bbox 321 1803 347 1852; x_wconf 90' lang='lat' dir='ltr'>in</span> <span class='ocrx_word' id='word_1_99' title='bbox 357 1817 460 1852; x_wconf 78' lang='lat' dir='ltr'>vacuum</span> <span class='ocrx_word' id='word_1_100' title='bbox 471 1810 588 1866; x_wconf 84' lang='lat' dir='ltr'>poterunt</span> <span class='ocrx_word' id='word_1_101' title='bbox 597 1816 624 1852; x_wconf 87' lang='lat' dir='ltr'>se</span> <span class='ocrx_word' id='word_1_102' title='bbox 634 1801 766 1852; x_wconf 70' lang='lat' dir='ltr'>extendere</span> <span class='ocrx_word' id='word_1_103' title='bbox 776 1800 847 1851; x_wconf 76' lang='lat' dir='ltr'>muni.</span> 
     </span>
     <span class='ocr_line' id='line_1_16' title="bbox 166 1891 819 1956; baseline -0.003 -14"><span class='ocrx_word' id='word_1_104' title='bbox 166 1893 279 1942; x_wconf 78' lang='lat' dir='ltr'>Forsitan</span> <span class='ocrx_word' id='word_1_105' title='bbox 290 1899 326 1954; x_wconf 86' lang='lat' dir='ltr'>et,</span> <span class='ocrx_word' id='word_1_106' title='bbox 337 1893 463 1943; x_wconf 86' lang='lat' dir='ltr'>scrobibus</span> <span class='ocrx_word' id='word_1_107' title='bbox 475 1907 528 1956; x_wconf 73' lang='lat' dir='ltr'>que</span> <span class='ocrx_word' id='word_1_108' title='bbox 540 1891 592 1942; x_wconf 84' lang='lat' dir='ltr'>sint</span> <span class='ocrx_word' id='word_1_109' title='bbox 599 1891 705 1953; x_wconf 67' lang='lat' dir='ltr'>megia,</span> <span class='ocrx_word' id='word_1_110' title='bbox 716 1904 819 1954; x_wconf 74' lang='lat' dir='ltr'>queres.</span> 
     </span>
     <span class='ocr_line' id='line_1_17' title="bbox 134 1981 685 2031; baseline -0.004 -1"><span class='ocrx_word' id='word_1_111' title='bbox 134 1982 219 2031; x_wconf 83' lang='lat' dir='ltr'>Ausim</span> <span class='ocrx_word' id='word_1_112' title='bbox 231 1983 270 2030; x_wconf 87' lang='lat' dir='ltr'>vel</span> <span class='ocrx_word' id='word_1_113' title='bbox 281 1981 349 2031; x_wconf 87' lang='lat' dir='ltr'>tenui</span> <span class='ocrx_word' id='word_1_114' title='bbox 359 1982 433 2031; x_wconf 84' lang='lat' dir='ltr'>vitem</span> <span class='ocrx_word' id='word_1_115' title='bbox 445 1981 591 2030; x_wconf 82' lang='lat' dir='ltr'>conmittere</span> <span class='ocrx_word' id='word_1_116' title='bbox 601 1982 670 2029; x_wconf 82' lang='lat' dir='ltr'>sulco</span> <span class='ocrx_word' id='word_1_117' title='bbox 679 1998 685 2028; x_wconf 76' lang='grc' dir='ltr'><strong>ε</strong></span> 
     </span>
     <span class='ocr_line' id='line_1_18' title="bbox 134 2069 667 2134; baseline -0.006 -14"><span class='ocrx_word' id='word_1_118' title='bbox 134 2070 213 2120; x_wconf 82' lang='lat' dir='ltr'>Altior</span> <span class='ocrx_word' id='word_1_119' title='bbox 225 2084 253 2120; x_wconf 79' lang='lat' dir='ltr'>ao</span> <span class='ocrx_word' id='word_1_120' title='bbox 264 2071 361 2134; x_wconf 70' lang='lat' dir='ltr'>posim</span> <span class='ocrx_word' id='word_1_121' title='bbox 372 2078 444 2120; x_wconf 70' lang='lat' dir='ltr'>terre</span> <span class='ocrx_word' id='word_1_122' title='bbox 454 2070 567 2131; x_wconf 76' lang='lat' dir='ltr'>derigitur</span> <span class='ocrx_word' id='word_1_123' title='bbox 577 2069 667 2130; x_wconf 81' lang='lat' dir='ltr'>erb0s3</span> 
     </span>
     <span class='ocr_line' id='line_1_19' title="bbox 134 2156 821 2224; baseline -0.004 -16"><span class='ocrx_word' id='word_1_124' title='bbox 134 2159 247 2210; x_wconf 82' lang='lat' dir='ltr'>AEsculus</span> <span class='ocrx_word' id='word_1_125' title='bbox 259 2160 285 2209; x_wconf 90' lang='lat' dir='ltr'>in</span> <span class='ocrx_word' id='word_1_126' title='bbox 297 2159 398 2224; x_wconf 82' lang='lat' dir='ltr'>primis=</span> <span class='ocrx_word' id='word_1_127' title='bbox 415 2175 468 2222; x_wconf 81' lang='lat' dir='ltr'>quae</span> <span class='ocrx_word' id='word_1_128' title='bbox 480 2167 599 2223; x_wconf 79' lang='lat' dir='ltr'>quantum</span> <span class='ocrx_word' id='word_1_129' title='bbox 608 2157 698 2210; x_wconf 83' lang='lat' dir='ltr'>vertice</span> <span class='ocrx_word' id='word_1_130' title='bbox 708 2156 740 2206; x_wconf 79' lang='lat' dir='ltr'>ad</span> <span class='ocrx_word' id='word_1_131' title='bbox 749 2170 821 2206; x_wconf 77' lang='lat' dir='ltr'>eures</span> 
     </span>
     <span class='ocr_line' id='line_1_20' title="bbox 134 2245 716 2311; baseline -0.005 -13"><span class='ocrx_word' id='word_1_132' title='bbox 134 2249 267 2311; x_wconf 77' lang='lat' dir='ltr'>AEtherius‚</span> <span class='ocrx_word' id='word_1_133' title='bbox 278 2257 373 2299; x_wconf 78' lang='lat' dir='ltr'>tontum</span> <span class='ocrx_word' id='word_1_134' title='bbox 385 2249 466 2298; x_wconf 85' lang='lat' dir='ltr'>radice</span> <span class='ocrx_word' id='word_1_135' title='bbox 478 2249 506 2297; x_wconf 94' lang='lat' dir='ltr'>in</span> <span class='ocrx_word' id='word_1_136' title='bbox 517 2249 621 2297; x_wconf 71' lang='lat' dir='ltr'>Tentura</span> <span class='ocrx_word' id='word_1_137' title='bbox 630 2245 716 2296; x_wconf 81' lang='lat' dir='ltr'>tendit.</span> 
     </span>
     <span class='ocr_line' id='line_1_21' title="bbox 133 2335 807 2401; baseline -0.006 -13"><span class='ocrx_word' id='word_1_138' title='bbox 133 2339 197 2401; x_wconf 84' lang='lat' dir='ltr'>Ergo</span> <span class='ocrx_word' id='word_1_139' title='bbox 208 2353 260 2389; x_wconf 90' lang='lat' dir='ltr'>non</span> <span class='ocrx_word' id='word_1_140' title='bbox 271 2340 365 2390; x_wconf 68' lang='lat' dir='ltr'>hiemes</span> <span class='ocrx_word' id='word_1_141' title='bbox 376 2340 455 2400; x_wconf 86' lang='lat' dir='ltr'>iilam,</span> <span class='ocrx_word' id='word_1_142' title='bbox 466 2353 517 2388; x_wconf 91' lang='lat' dir='ltr'>non</span> <span class='ocrx_word' id='word_1_143' title='bbox 529 2338 616 2398; x_wconf 81' lang='lat' dir='ltr'>dabra,</span> <span class='ocrx_word' id='word_1_144' title='bbox 627 2351 706 2399; x_wconf 84' lang='lat' dir='ltr'>neque</span> <span class='ocrx_word' id='word_1_145' title='bbox 716 2335 807 2384; x_wconf 85' lang='lat' dir='ltr'>imbres</span> 
     </span>
     <span class='ocr_line' id='line_1_22' title="bbox 135 2408 786 2490; baseline -0.008 -13"><span class='ocrx_word' id='word_1_146' title='bbox 135 2408 299 2490; x_wconf 79' lang='lat' dir='ltr'>convellunt3</span> <span class='ocrx_word' id='word_1_147' title='bbox 316 2427 411 2477; x_wconf 82' lang='lat' dir='ltr'>inmoto</span> <span class='ocrx_word' id='word_1_148' title='bbox 422 2434 514 2487; x_wconf 85' lang='lat' dir='ltr'>menet,</span> <span class='ocrx_word' id='word_1_149' title='bbox 526 2426 665 2488; x_wconf 65' lang='lat' dir='ltr'>meritosque</span> <span class='ocrx_word' id='word_1_150' title='bbox 675 2430 786 2486; x_wconf 74' lang='lat' dir='ltr'>nepotes,</span> 
     </span>
     <span class='ocr_line' id='line_1_23' title="bbox 135 2512 812 2577; baseline -0.012 -9"><span class='ocrx_word' id='word_1_151' title='bbox 135 2521 215 2570; x_wconf 78' lang='lat' dir='ltr'>Mults</span> <span class='ocrx_word' id='word_1_152' title='bbox 225 2519 305 2569; x_wconf 84' lang='lat' dir='ltr'>virum</span> <span class='ocrx_word' id='word_1_153' title='bbox 316 2520 415 2570; x_wconf 78' lang='lat' dir='ltr'>volvens</span> <span class='ocrx_word' id='word_1_154' title='bbox 426 2517 537 2568; x_wconf 74' lang='lat' dir='ltr'>durando</span> <span class='ocrx_word' id='word_1_155' title='bbox 548 2516 647 2577; x_wconf 75' lang='lat' dir='ltr'>soeculo,</span> <span class='ocrx_word' id='word_1_156' title='bbox 657 2512 751 2574; x_wconf 81' lang='lat' dir='ltr'>vincit3</span> <span class='ocrx_word' id='word_1_157' title='bbox 810 2535 812 2540; x_wconf 95' lang='lat'><em>·</em></span> 
     </span>
     <span class='ocr_line' id='line_1_24' title="bbox 134 2603 692 2659; baseline -0.011 -1"><span class='ocrx_word' id='word_1_158' title='bbox 134 2610 198 2658; x_wconf 81' lang='lat' dir='ltr'>&#39;ium</span> <span class='ocrx_word' id='word_1_159' title='bbox 210 2609 282 2659; x_wconf 83' lang='lat' dir='ltr'>fortis</span> <span class='ocrx_word' id='word_1_160' title='bbox 292 2611 342 2658; x_wconf 79' lang='lat' dir='ltr'>late</span> <span class='ocrx_word' id='word_1_161' title='bbox 353 2623 434 2659; x_wconf 83' lang='lat' dir='ltr'>remos</span> <span class='ocrx_word' id='word_1_162' title='bbox 445 2616 470 2657; x_wconf 88' lang='lat' dir='ltr'>et</span> <span class='ocrx_word' id='word_1_163' title='bbox 480 2606 580 2656; x_wconf 82' lang='lat' dir='ltr'>brachie</span> <span class='ocrx_word' id='word_1_164' title='bbox 589 2603 692 2654; x_wconf 84' lang='lat' dir='ltr'>tendens</span> 
     </span>
     <span class='ocr_line' id='line_1_25' title="bbox 136 2691 806 2760; baseline -0.012 -14"><span class='ocrx_word' id='word_1_165' title='bbox 136 2699 188 2748; x_wconf 88' lang='lat' dir='ltr'>Huc</span> <span class='ocrx_word' id='word_1_166' title='bbox 199 2698 270 2759; x_wconf 90' lang='lat' dir='ltr'>illuc,</span> <span class='ocrx_word' id='word_1_167' title='bbox 282 2698 363 2748; x_wconf 81' lang='lat' dir='ltr'>media</span> <span class='ocrx_word' id='word_1_168' title='bbox 373 2697 426 2760; x_wconf 78' lang='lat' dir='ltr'>ipse</span> <span class='ocrx_word' id='word_1_169' title='bbox 437 2697 560 2759; x_wconf 87' lang='lat' dir='ltr'>ingentem</span> <span class='ocrx_word' id='word_1_170' title='bbox 570 2693 676 2743; x_wconf 87' lang='lat' dir='ltr'>sustinet</span> <span class='ocrx_word' id='word_1_171' title='bbox 684 2691 806 2740; x_wconf 76' lang='lat' dir='ltr'>umbram.</span> 
     </span>
     <span class='ocr_line' id='line_1_26' title="bbox 167 2780 778 2846; baseline -0.011 -12"><span class='ocrx_word' id='word_1_172' title='bbox 167 2789 234 2836; x_wconf 83' lang='lat' dir='ltr'>Neve</span> <span class='ocrx_word' id='word_1_173' title='bbox 243 2786 289 2834; x_wconf 90' lang='lat' dir='ltr'>tibi</span> <span class='ocrx_word' id='word_1_174' title='bbox 300 2785 331 2835; x_wconf 87' lang='lat' dir='ltr'>nd</span> <span class='ocrx_word' id='word_1_175' title='bbox 342 2787 420 2834; x_wconf 87' lang='lat' dir='ltr'>solem</span> <span class='ocrx_word' id='word_1_176' title='bbox 431 2791 531 2846; x_wconf 81' lang='lat' dir='ltr'>vergant</span> <span class='ocrx_word' id='word_1_177' title='bbox 541 2783 623 2832; x_wconf 79' lang='lat' dir='ltr'>vineta</span> <span class='ocrx_word' id='word_1_178' title='bbox 633 2780 759 2830; x_wconf 73' lang='lat' dir='ltr'>oedentem</span> <span class='ocrx_word' id='word_1_179' title='bbox 769 2798 778 2840; x_wconf 88' lang='lat'>;</span> 
     </span>
     <span class='ocr_line' id='line_1_27' title="bbox 135 2869 744 2936; baseline -0.011 -12"><span class='ocrx_word' id='word_1_180' title='bbox 135 2879 201 2926; x_wconf 84' lang='lat' dir='ltr'>Neve</span> <span class='ocrx_word' id='word_1_181' title='bbox 212 2876 277 2926; x_wconf 85' lang='lat' dir='ltr'>inter</span> <span class='ocrx_word' id='word_1_182' title='bbox 286 2877 347 2926; x_wconf 87' lang='lat' dir='ltr'>vites</span> <span class='ocrx_word' id='word_1_183' title='bbox 358 2877 470 2926; x_wconf 71' lang='lat' dir='ltr'>norisium</span> <span class='ocrx_word' id='word_1_184' title='bbox 482 2888 552 2936; x_wconf 88' lang='lat' dir='ltr'>sere;</span> <span class='ocrx_word' id='word_1_185' title='bbox 569 2874 637 2921; x_wconf 84' lang='lat' dir='ltr'>Neve</span> <span class='ocrx_word' id='word_1_186' title='bbox 648 2869 744 2931; x_wconf 79' lang='lat' dir='ltr'>tingeile</span> 
     </span>
     <span class='ocr_line' id='line_1_28' title="bbox 136 2957 871 3034; baseline -0.014 -18"><span class='ocrx_word' id='word_1_187' title='bbox 136 2967 238 3016; x_wconf 80' lang='lat' dir='ltr'>Summa</span> <span class='ocrx_word' id='word_1_188' title='bbox 248 2975 312 3030; x_wconf 81' lang='lat' dir='ltr'>pete,</span> <span class='ocrx_word' id='word_1_189' title='bbox 324 2974 367 3016; x_wconf 83' lang='lat' dir='ltr'>eut</span> <span class='ocrx_word' id='word_1_190' title='bbox 379 2980 476 3017; x_wconf 77' lang='lat' dir='ltr'>summe</span> <span class='ocrx_word' id='word_1_191' title='bbox 486 2963 610 3025; x_wconf 79' lang='lat' dir='ltr'>destringe</span> <span class='ocrx_word' id='word_1_192' title='bbox 616 2975 648 3010; x_wconf 88' lang='lat' dir='ltr'>ex</span> <span class='ocrx_word' id='word_1_193' title='bbox 660 2961 747 3009; x_wconf 86' lang='lat' dir='ltr'>arbore</span> <span class='ocrx_word' id='word_1_194' title='bbox 757 2957 852 3022; x_wconf 74' lang='lat' dir='ltr'>plantas</span> <span class='ocrx_word' id='word_1_195' title='bbox 857 2974 871 3034; x_wconf 58' lang='lat'>5</span> 
     </span>
     <span class='ocr_line' id='line_1_29' title="bbox 136 3047 727 3118; baseline -0.012 -13"><span class='ocrx_word' id='word_1_196' title='bbox 136 3057 231 3106; x_wconf 78' lang='lat' dir='ltr'>Tantus</span> <span class='ocrx_word' id='word_1_197' title='bbox 241 3070 311 3106; x_wconf 84' lang='lat' dir='ltr'>amor</span> <span class='ocrx_word' id='word_1_198' title='bbox 321 3064 393 3106; x_wconf 81' lang='lat' dir='ltr'>terrae</span> <span class='ocrx_word' id='word_1_199' title='bbox 403 3077 411 3118; x_wconf 84' lang='lat'>3</span> <span class='ocrx_word' id='word_1_200' title='bbox 430 3057 485 3104; x_wconf 89' lang='lat' dir='ltr'>Neu</span> <span class='ocrx_word' id='word_1_201' title='bbox 496 3047 561 3103; x_wconf 82' lang='lat' dir='ltr'>&#39;ferro</span> <span class='ocrx_word' id='word_1_202' title='bbox 571 3051 634 3100; x_wconf 83' lang='lat' dir='ltr'>lrede</span> <span class='ocrx_word' id='word_1_203' title='bbox 644 3056 727 3099; x_wconf 70' lang='lat' dir='ltr'>remeo</span> 
     </span>
     <span class='ocr_line' id='line_1_30' title="bbox 138 3141 768 3210; baseline -0.016 -15"><span class='ocrx_word' id='word_1_204' title='bbox 138 3146 253 3210; x_wconf 47' lang='lat' dir='ltr'>Semina</span> <span class='ocrx_word' id='word_1_205' title='bbox 271 3147 339 3196; x_wconf 86' lang='lat' dir='ltr'>Neve</span> <span class='ocrx_word' id='word_1_206' title='bbox 348 3145 409 3195; x_wconf 84' lang='lat' dir='ltr'>oleae</span> <span class='ocrx_word' id='word_1_207' title='bbox 420 3142 538 3194; x_wconf 79' lang='lat' dir='ltr'>silvestris</span> <span class='ocrx_word' id='word_1_208' title='bbox 548 3141 630 3190; x_wconf 85' lang='lat' dir='ltr'>insere</span> <span class='ocrx_word' id='word_1_209' title='bbox 639 3145 768 3188; x_wconf 79' lang='lat' dir='ltr'>nonnos:-</span> 
     </span>
    </p>
   </div>
   <div class='ocr_carea' id='block_1_4' title="bbox 909 517 939 566">
    <p class='ocr_par' dir='ltr' id='par_1_5' title="bbox 909 517 939 566">
     <span class='ocr_line' id='line_1_31' title="bbox 909 517 939 566; baseline 0 0"><span class='ocrx_word' id='word_1_210' title='bbox 909 517 939 566; x_wconf 79' lang='grc'>63</span> 
     </span>
    </p>
   </div>
   <div class='ocr_carea' id='block_1_5' title="bbox 0 0 1188 3734">
    <p class='ocr_par' dir='ltr' id='par_1_6' title="bbox 0 0 1188 3734">
     <span class='ocr_line' id='line_1_32' title="bbox 0 0 1188 3734; baseline 0 0"><span class='ocrx_word' id='word_1_211' title='bbox 0 0 1188 3734; x_wconf 95' lang='lat' dir='ltr'> </span> 
     </span>
    </p>
   </div>
  </div>
 </body>
</html>
