2334 3734
204 537 269 589 224,
446 541 474 589 Ρ.
491 538 630 588 VIRGILII
647 538 801 589 MARONIS

207 667 367 730 Incubuitque
378 675 445 728 toro,
457 667 567 732 dixitque
577 669 710 720 novissima
721 671 808 719 verbe:

239 761 330 808 Dulces
339 758 443 820 exuviae,
455 759 514 808 dum
526 760 576 808 fata
588 759 694 822 deusque
706 759 828 820 sinebant,

208 847 320 911 Adcipite
330 849 394 897 banc
406 848 524 909 unimam,
537 863 624 911 meque
633 849 671 898 bis
680 849 798 899 exsolvite
808 848 881 899 curis.
900 867 903 876 ·
955 906 958 912 ,

206 938 274 998 Vni,
286 945 322 999 et,
334 953 407 1000 quem
418 937 517 988 dederet
528 954 628 988 cursum
640 939 859 1004 fortuna,·peregi;

205 1027 239 1077 Et
250 1042 315 1077 nunc
326 1042 415 1090 magna
424 1028 474 1077 mei
484 1029 530 1077 sub
541 1036 619 1078 terras
631 1029 677 1078 ibit
688 1031 780 1091 Imago.

207 1118 302 1168 Urbem
313 1120 455 1182 preclaram
466 1118 555 1181 statui3
572 1132 628 1168 mee
638 1119 729 1168 moenia
739 1119 805 1182 vidi3

206 1208 268 1258 Ultu
278 1207 369 1268 virum,
380 1222 466 1271 poenus
477 1207 577 1257 inimico
590 1223 604 1257 e
615 1209 690 1258 fratre
700 1208 792 1273 recepi:

116 1297 118 1299 ’
206 1296 287 1358 Felix,
296 1297 345 1346 beu
356 1296 460 1345 nimium
472 1297 544 1357 felir,
556 1297 577 1345 si
588 1297 664 1346 litora
674 1305 770 1347 tautum

206 1387 348 1449 Numquam
359 1386 488 1436 Dardaniae
499 1386 635 1448 tetigissent
644 1395 729 1436 nostra
740 1385 828 1436 carinae
841 1389 846 1436 !

155 1463 158 1466 ⁴
205 1478 276 1528 Dixit
286 1499 294 1541 3
311 1486 347 1539 et,
358 1494 386 1528 os
397 1479 509 1542 inpressa
516 1487 582 1540 toro,
595 1479 733 1529 Moriemur
744 1480 829 1530 inulte
840 1483 845 1528 !
871 1481 873 1486 '

157 1605 159 1607 ·
204 1572 254 1621 Sed
264 1573 410 1634 moriemur,
422 1573 464 1622 uit.
498 1573 549 1634 Sic,
560 1573 596 1622 sic
606 1575 673 1635 juvat
684 1572 720 1622 ire
731 1575 775 1622 sub
788 1573 894 1622 umbras.

205 1660 309 1712 Hauriat
319 1664 385 1712 hunc
396 1663 474 1712 oculis
486 1663 568 1724 ignem
578 1662 684 1714 crudelis
695 1665 726 1712 ab
737 1665 788 1713 ulto
805 1689 809 1694 ·

203 1751 343 1814 Dardanus,
355 1760 380 1802 et
389 1761 480 1802 nostrae
492 1767 573 1802 secum
585 1754 649 1802 serat
660 1753 744 1803 omina
752 1753 847 1803 mortis.

236 1840 346 1890 Dixerat.
379 1844 461 1904 Atque
472 1841 541 1890 illam
553 1841 633 1890 media
643 1842 707 1890 inter
717 1826 778 1892 talis
786 1843 852 1892 ferro
866 1861 869 1866 ¹

205 1931 353 1993 Conlapsam
364 1930 500 1993 adspiciunt
510 1930 623 1991 comites,
636 1945 768 1994 ensemque
779 1947 866 1982 cruore

204 2020 374 2082 Spumantem,
385 2033 528 2082 sparse-sque
540 2033 636 2088 merrus.
670 2022 693 2069 1t
703 2022 796 2070 clamor
805 2021 836 2070 ad
847 2023 897 2072 alta
929 2007 931 2011 ⁸

203 2108 292 2170 Atrirt3
309 2121 452 2156 concussum
462 2107 594 2157 bacchetur
603 2110 670 2158 fama
681 2125 724 2173 per
735 2113 831 2161 urbem.

204 2198 338 2260 Lamentis,
350 2199 500 2261 gemituque,
511 2207 536 2248 et
547 2201 653 2250 femineo
663 2203 760 2252 ululatu

202 2290 278 2338 Tecta
285 2289 412 2351 fremunt3
429 2298 529 2340 resonat
540 2291 634 2353 mugnis
646 2292 803 2355 plangoribus
810 2293 905 2342 aether:

203 2380 260 2428 Non
273 2379 355 2440 aliter,
367 2380 472 2443 quamsi
484 2380 592 2430 inmissis
604 2388 659 2430 ruat
669 2367 780 2430 hostibus
791 2381 871 2430 omnis

204 2469 338 2530 carthago,
350 2477 392 2517 aut
403 2469 503 2531 antiqua
512 2472 609 2534 Tyros3
627 2471 779 2533 flammaeque
790 2471 898 2530 furentes
934 2465 937 2474 '

203 2559 318 2610 culmine
328 2573 419 2622 perque
428 2560 558 2609 hominum
569 2562 699 2610 volvantur
710 2575 800 2624 perque
812 2561 922 2612 deorum.

202 2649 288 2698 Audiit
298 2649 430 2709 exanimis,
442 2649 585 2713 trepidoque
596 2651 714 2700 exterrita
724 2666 807 2713 muru,

204 2739 333 2801 Unguibus
345 2753 389 2788 ora
400 2754 471 2788 soror
483 2741 589 2802 ioedans,
602 2749 627 2789 et
638 2749 737 2804 pectora
747 2741 844 2805 pugnis,

203 2834 250 2882 Per
261 2832 355 2882 medios
366 2832 426 2893 ruit,
439 2847 466 2882 ac
478 2834 624 2883 morientem
636 2835 736 2884 nomine
747 2837 851 2885 clamat:

203 2925 257 2972 Hoc
268 2923 341 2984 illud,
352 2938 477 2985 germana,
489 2924 556 2973 fuit?
575 2939 616 2972 me
628 2923 712 2974 fraude
723 2927 838 2989 petebas?

204 3014 257 3061 Hoc
268 3027 341 3074 rogus
352 3013 399 3062 iste
411 3013 483 3074 mihi,
495 3013 542 3061 hoc
553 3013 621 3075 ignes
633 3027 729 3076 araeque
739 3016 876 3078 parabant?

203 3101 269 3157 Quid
279 3102 387 3165 primum
398 3103 493 3152 deserte
504 3116 592 3164 querar
602 3104 613 3151 ἓ
632 3104 779 3154 comitemne
793 3119 904 3155 sororem

203 3190 320 3254 Sprevisti
331 3191 459 3241 moriens?
477 3192 570 3242 Eodem
581 3207 621 3243 me
632 3193 663 3243 ed
675 3194 724 3244 fate
735 3207 861 3245 vocasses:
