2334 3734
200 546 246 594 172
442 548 469 596 P.
486 546 624 594 VlRGlLll
641 546 794 595 Mauortis

201 675 272 724 Stant
281 673 382 723 circum.

196 767 279 815 Ausus
291 765 349 828 quin
360 765 434 814 etiam
445 779 515 814 voces
523 767 618 826 jactare
629 779 673 828 per
681 767 805 824 umbram,

198 853 291 917 lnplevi
302 854 410 902 elamore
420 854 481 912 vias,
497 860 643 916 moestusqne
654 854 773 902 Creusam

199 942 367 1004 Nequidquam
380 943 531 1002 ingeminans
543 943 681 1005 iterumque
692 943 830 1004 iterumque
839 942 929 991 meavi.
943 928 945 932 ⁸

199 1035 335 1093 Quaerenti,
348 1043 373 1083 et
383 1035 452 1083 tectis
464 1036 532 1084 urbis
544 1035 598 1083 sine
608 1036 657 1083 fine
672 1035 774 1094 furenti,

200 1124 289 1172 Infelix
301 1124 457 1172 simulacrum
469 1133 541 1186 atque
551 1124 628 1187 ipsius
639 1126 727 1172 umbra
738 1125 836 1173 Creusre

197 1211 256 1261 Visa
267 1212 327 1260 mihi
339 1220 394 1262 ante
405 1213 500 1271 oeulos,
512 1221 537 1261 et
547 1221 606 1261 nota
617 1215 696 1273 major
707 1214 795 1274 imago.

199 1301 331 1364 Obstupui,
343 1308 508 1363 steteruntque
520 1316 606 1361 rome,
619 1310 644 1351 et
654 1317 703 1350 vox
714 1300 824 1351 faucibus
836 1301 917 1350 haesit

200 1392 266 1440 Tum
277 1391 312 1440 sic
323 1390 412 1450 adfari,
423 1399 449 1439 et
458 1405 529 1439 curas
540 1391 579 1439 nis
591 1390 689 1440 demere
698 1391 782 1440 dictisr

199 1479 266 1535 Quid
276 1467 373 1530 tanturn
383 1481 471 1531 insano
479 1483 549 1542 juvat
558 1481 684 1543 indulgere
694 1481 785 1541 dolori,

201 1569 223 1618 0
235 1569 313 1619 duleis
324 1572 451 1630 coniunx?
471 1585 521 1619 non
532 1571 583 1619 hec
595 1571 648 1619 sine
661 1571 764 1620 numine
773 1570 855 1620 divom

198 1659 327 1708 Eveniunt
362 1661 414 1708 Nee
424 1667 449 1708 te
459 1660 516 1708 hinc
528 1660 643 1708 camitem
655 1668 780 1723 asportare
791 1661 908 1710 creumu

199 1748 263 1810 Fas3
280 1755 322 1798 aut
332 1748 375 1796 ille
387 1749 445 1798 sinit
456 1749 536 1812 superi
548 1757 662 1809 regnator
673 1748 780 1812 Olympi.

201 1840 283 1899 Longa
294 1839 338 1887 tibi
350 1838 447 1898 exsilia,
459 1845 483 1887 et
494 1846 589 1887 vastum
600 1839 675 1887 muris
687 1852 772 1900 equor
783 1837 918 1897 arandum

201 1927 234 1976 Et
244 1933 334 1975 terram
347 1927 490 1989 Hesperiam
501 1925 598 1975 venies:
615 1926 658 1974 ubi
669 1925 770 1990 Lydius,
781 1939 840 1975 arm

202 2017 267 2064 lnter
278 2014 360 2077 opima
369 2015 461 2073 virum,
473 2014 523 2063 leni
533 2014 589 2063 fluit
599 2014 696 2076 agmine
705 2015 819 2079 Thybris.

202 2103 256 2152 lllic
266 2117 306 2151 res
317 2104 390 2162 loetee,
403 2117 564 2165 regnumque,
575 2111 601 2152 et
611 2104 678 2165 regia
688 2105 797 2164 conjunx

204 2193 276 2242 Parta
286 2193 347 2254 tibi;
364 2193 477 2242 lacrimas
488 2193 583 2243 dilecte
595 2194 659 2256 pelle
668 2195 776 2242 Creuse.

203 2283 260 2330 Non
272 2296 316 2344 ego
329 2283 513 2346 Myrmidonum
524 2284 593 2332 sedes
604 2285 758 2346 Dolopumve
767 2283 884 2345 superbas

202 2370 353 2434 Adspiciam,
365 2379 407 2420 aut
418 2373 499 2421 Graiis
511 2373 628 2421 servitum
639 2373 759 2422 matribus
771 2373 824 2431 ibn,

202 2459 332 2520 Dardanis,
344 2467 370 2508 et
380 2460 441 2508 dive
451 2461 554 2509 Veneris
566 2474 657 2509 nurus:

203 2549 251 2598 Sed
263 2563 302 2597 me
314 2562 401 2610 magna
411 2549 483 2598 deum
496 2549 615 2598 Genetrix
626 2549 665 2598 his
679 2548 773 2597 detinet
781 2547 840 2596 nris.

201 2640 306 2700 Jamque
318 2638 380 2697 vale,
393 2645 417 2686 et
428 2637 479 2686 nati
489 2651 559 2685 serva
570 2638 709 2686 communis
719 2651 837 2688 amorem.

203 2728 261 2774 llaec
272 2726 314 2774 ubi
325 2725 389 2774 dicta
399 2725 475 2784 dedit,
487 2725 665 2784 lacrimantem,
677 2733 702 2775 et
712 2725 792 2774 multe
800 2728 922 2774 volentem

201 2814 298 2874 Dicere,
309 2813 426 2872 deseruit,
436 2811 564 2874 tenuisque
573 2812 674 2861 recessit
684 2812 711 2860 in
722 2825 803 2862 auras.

201 2906 252 2953 Ter
263 2911 364 2952 conatus
375 2903 408 2952 ibi
419 2903 484 2951 eollo
495 2902 554 2950 dure
564 2901 666 2950 brachia
676 2901 786 2966 cirrum,

202 2994 252 3042 'rer
263 2993 355 3040 frustra
365 3004 500 3054 conprensa
511 3003 600 3039 manus
609 2989 695 3051 effugit
705 2989 796 3052 image,

206 3084 251 3130 Par
262 3081 355 3131 levibus
366 3081 457 3141 ventis,-
466 3080 609 3144 volucrique
619 3078 746 3130 simillima
755 3095 852 3130 somne.

205 3172 245 3222 Sic
257 3173 356 3221 demum
366 3171 446 3222 socios
457 3177 587 3222 consumta
597 3178 671 3222 noete
681 3169 769 3222 reviso.
