2334 3734
210 536 258 584 244
454 532 483 580 P.
498 529 636 579 vlseluu
655 529 809 578 MARONIS

190 677 192 679 ·
211 663 291 723 Dixit,
302 669 328 710 et
340 645 434 711 adversi
445 667 531 710 contra
542 659 611 708 stetit
620 671 665 707 ora
673 658 783 719 iuvenci,
880 702 884 710 ,

210 757 259 812 Qui
272 756 365 804 donum
376 754 486 803 adstabat
495 767 582 816 pugnae
594 771 602 814 ;
620 752 742 813 durosque
754 750 854 799 reducta

211 845 321 895 Libravit
330 845 417 894 dextra
427 842 508 891 media
519 842 583 890 inter
595 855 688 890 cornua
697 849 777 890 cestus

211 934 322 993 Arduus,
335 933 481 992 effractoque
492 930 570 978 inlisit
581 929 607 978 in
618 945 674 979 ossa
684 931 793 979 cerebro.

212 1023 347 1082 Sternitur,
355 1018 523 1082 exanimisque
534 1027 642 1068 tremens
654 1019 794 1082 procumbit
804 1019 875 1068 hurni
886 1022 939 1070 bos.

212 1113 259 1161 ilie
271 1126 343 1175 super
354 1111 410 1160 talis
422 1108 526 1159 effundit
535 1116 634 1172 pectore
644 1123 726 1158 voces:

214 1203 285 1271 lianc
296 1201 351 1261 tihi,
363 1201 442 1263 Eryx,
452 1198 580 1246 meliorem
592 1197 699 1246 animem
712 1212 756 1262 pro
765 1205 844 1248 morte
856 1200 952 1248 Daretis

214 1291 346 1340 Persoivoz
363 1289 403 1337 hic
411 1289 488 1337 victer
498 1295 579 1336 cestus
591 1295 716 1349 artemque
728 1301 829 1352 repono.

247 1383 368 1440 Ptotenus
380 1381 471 1428 AEnecs
482 1377 557 1426 celeri
567 1385 660 1426 certare
670 1378 757 1439 sagitta

214 1470 316 1532 inritat,
327 1471 369 1534 qui
380 1471 444 1518 ferte
455 1468 542 1528 veiint,
553 1475 579 1516 et
589 1468 689 1531 premia
701 1468 770 1531 ponit
780 1449 797 1530 ;ι

215 1561 359 1623 ingentique
367 1574 443 1608 manu
454 1560 547 1607 melum
559 1558 590 1607 de
601 1573 662 1607 nave
673 1559 765 1608 Seresti

217 1651 313 1712 Erigit3
330 1658 356 1699 et
365 1650 490 1698 volucrem
502 1650 603 1708 truecto
611 1648 637 1696 in
649 1649 708 1698 fune
718 1650 868 1710 columbam,

217 1742 273 1795 Quo
285 1739 387 1789 tendant
398 1739 502 1797 ferrum,
514 1739 581 1785 malo
593 1739 720 1801 srrspendit
731 1740 762 1787 ab
773 1739 832 1788 alto.

218 1831 360 1879 Convenere
370 1827 427 1888 viri,
438 1827 603 1888 deiectamque
614 1840 677 1875 aerea
688 1835 781 1876 sortem

216 1917 321 1981 Adcepit
330 1918 415 1978 gaiea3
432 1923 457 1964 et
471 1916 564 1978 primus
576 1916 685 1965 clamore
697 1917 802 1966 secundo

217 2009 354 2074 Hyrtacidae
363 2015 420 2057 ante
431 2007 511 2055 omnis
523 2005 575 2054 exit
586 2007 654 2055 locus
667 2007 844 2070 Hippocoontis
854 2030 861 2070 ς

218 2099 298 2153 Quem
309 2095 384 2144 modo
395 2095 475 2143 navali
486 2097 631 2145 Mnestheus
642 2098 775 2147 certamine
785 2099 863 2148 victer

219 2186 394 2248 Consequitur,
405 2184 477 2233 viridi
488 2186 632 2235 Mnestheus
643 2187 751 2236 evinctus
763 2188 836 2238 oliva.

217 2276 317 2326 Tertius
328 2274 459 2338 Eurytion,
470 2281 538 2336 tuus,
549 2290 564 2324 ο
576 2277 723 2338 clarissime,
735 2278 821 2338 frater,

219 2366 339 2427 Pandare,
352 2365 394 2428 qui
406 2365 539 2428 quondam,
547 2368 631 2427 jussus
643 2367 792 2418 confundere
804 2367 895 2430 foedus,

219 2459 249 2506 ln
261 2455 354 2504 medios
365 2457 443 2504 telum
453 2456 547 2512 tersisti
557 2456 651 2519 primus
663 2457 777 2506 Achivos.
806 2464 808 2470 ’

161 2571 166 2580 ·
218 2548 351 2595 Extremus
362 2545 477 2607 galeaque
488 2545 539 2592 ime
548 2545 652 2594 subsidit
661 2547 777 2608 Acestes;

218 2637 300 2684 Ausus
312 2642 337 2682 et
347 2634 398 2696 ipse
410 2647 486 2681 msnu
493 2635 612 2694 juvenum
624 2641 719 2684 tentare
729 2637 846 2684 lahorem.

217 2725 283 2772 Tum
295 2722 381 2772 validis
393 2722 471 2770 flexos
482 2721 611 2771 incurvant
621 2723 713 2773 viribus
724 2737 793 2772 arcus

219 2813 268 2860 Pro
279 2826 306 2860 se
317 2797 418 2873 quisque
431 2809 486 2872 viri,
495 2819 520 2859 et
530 2810 678 2875 depromunt
687 2814 736 2862 tela
747 2813 875 2875 pharetris.

164 2923 168 2928 -
219 2901 349 2963 Primaque
360 2915 403 2964 per
413 2902 503 2949 coelum
516 2916 591 2950 nervo
602 2902 719 2951 stridente
730 2903 816 2966 sagitta

219 2990 357 3054 Hyrtacidae
364 2988 461 3050 iuvenis
469 2990 575 3039 volueris
586 2991 722 3040 diverberat
732 3005 820 3055 aures5

218 3080 252 3127 Et
263 3079 339 3140 venit,
351 3078 493 3141 adversique
504 3078 613 3139 infigitur
626 3081 713 3128 arbore
724 3081 791 3133 mali,

219 3167 352 3218 intremuit
369 3169 443 3229 mais,
454 3167 563 3228 muitque
573 3169 690 3218 exterrita
700 3170 786 3232 pennis
