2334 3734
182 541 231 590 252
396 539 422 586 r.
438 535 577 586 vrsursu
595 505 748 586 uiscus

183 671 248 718 Nate
258 668 315 728 dea,
325 682 374 731 quo
384 667 436 716 fata
445 667 547 716 trahunt
557 665 743 727 recubumque,
755 676 893 726 sequamur.

183 758 308 821 Quidquid
318 758 381 820 erit;
398 755 535 820 superanda
545 755 626 804 omnis
637 757 738 804 fortuna
748 753 850 803 ferendo
862 761 907 802 est.

182 852 229 900 Est
238 850 283 900 tibi
294 849 431 899 Dardanius
443 846 531 919 diviuoe
541 845 625 909 stirpis
637 847 749 894 Acestes:

185 943 258 990 Hunc
268 953 327 1003 cape
338 937 447 988 consiliis
459 936 566 996 socium,
578 943 604 984 et
614 937 734 996 conjunge
741 933 864 982 volentem
875 953 884 995 ;

185 1030 249 1080 Huic
260 1031 339 1090 trade,
351 1028 446 1078 amissis
457 1033 573 1090 'superant
583 1025 626 1088 qui
636 1024 749 1084 navibus,
760 1032 785 1072 et
795 1038 856 1086 quos
960 1072 964 1078 ,

184 1122 317 1170 Pes-tusum
329 1118 410 1180 magni
421 1118 511 1181 incepti
521 1130 652 1178 rerumque
663 1123 762 1164 tuarum
774 1122 829 1177 est3

95 1253 99 1259 .
185 1211 367 1272 Longaevosque
378 1222 458 1268 senes,
469 1221 497 1256 ac
508 1208 584 1255 fessas
592 1219 695 1268 aequore
706 1211 808 1264 matres,
874 1217 876 1222 ·

185 1305 218 1352 Et
228 1302 345 1366 quidquid
355 1309 436 1351 tecum
446 1301 580 1351 invalidum
592 1307 751 1361 metuensque
763 1295 849 1361 pericli
859 1303 907 1356 est,

186 1391 286 1454 Delige3
304 1390 375 1440 ethis
384 1391 491 1440 habeant
500 1390 583 1452 terris,
595 1389 659 1450 sine,
671 1387 762 1437 moenia
772 1386 846 1436 fessi:

187 1482 282 1532 Urbem
293 1480 451 1543 adpellabunt
460 1480 580 1543 permisso
591 1479 692 1529 nomine
703 1475 825 1527 Acestam.

217 1570 319 1619 Talibus
330 1569 444 1619 incensus
454 1569 525 1620 dictis
537 1568 641 1618 senioris
651 1567 732 1616 amici.

186 1660 252 1708 'liius
262 1673 320 1708 vero
331 1658 357 1707 in
368 1672 438 1708 curas
449 1659 560 1707 animum
571 1657 693 1706 diducitur
702 1655 800 1706 omnis:

187 1750 221 1798 Et
232 1751 291 1797 Nox
301 1757 354 1797 atra
364 1749 450 1810 polum
460 1747 522 1808 bigis
533 1748 647 1796 subvecta
656 1745 764 1796 tenebat.

188 1839 248 1888 Visa
259 1838 347 1887 dehinc
359 1839 423 1887 coelo
431 1836 504 1886 facies
515 1837 614 1898 delapsa
623 1835 732 1898 parentis

190 1928 304 1977 Anchisae
314 1929 396 1977 subito
406 1927 463 1976 talis
474 1925 598 1975 effirudcrc
608 1939 695 1974 voces:

191 2020 265 2077 Nate,
277 2015 338 2065 mihi
348 2016 398 2065 vita
409 2014 543 2078 quondam,
554 2015 614 2064 dum
627 2015 676 2064 vita
687 2016 811 2077 manebat,

192 2107 255 2156 care
265 2104 341 2167 magis
351 2125 360 2167 ς
378 2113 445 2166 nate,
457 2104 537 2154 Iliacis
549 2103 655 2154 exercite
666 2104 739 2167 iatis3

191 2194 297 2258 Imperio
308 2196 323 2243 J
326 2193 377 2242 ovis
388 2194 437 2242 huc
447 2193 533 2243 venio:
551 2193 594 2256 qui
604 2194 721 2243 classibus
732 2194 813 2256 ignem

192 2283 302 2346 Depulit,
310 2291 336 2332 et
345 2283 408 2333 coeio
420 2282 517 2332 tandem
530 2282 658 2333 miseratus
669 2284 701 2332 ab
712 2284 762 2332 alto
772 2289 817 2348 est.
845 2347 847 2351 v

9 2396 19 2402 ν
69 2387 74 2394 ·
118 2435 121 2440 Α
178 2372 310 2422 -consiliis
321 2387 390 2436 parc,
401 2388 455 2435 quae
466 2388 532 2422 nuuc
541 2373 689 2436 pulcerrima
700 2374 792 2421 Nautes

176 2475 180 2479 ’
192 2464 241 2511 Dat
251 2462 347 2511 senior:
365 2463 440 2511 lectos
448 2464 561 2522 juvenes,
573 2461 707 2510 fortissima
718 2461 802 2522 corda,

193 2552 267 2602 Defcr
278 2551 304 2600 in
317 2551 423 2600 italiam.
456 2553 522 2600 Gens
533 2551 677 2614 durantque
688 2566 773 2615 aspera
784 2551 852 2600 cultu

193 2638 344 2688 Debellanda
353 2639 398 2687 tibi
409 2639 479 2687 Latio
489 2647 535 2690 est.
567 2640 632 2689 Ditis
643 2648 725 2706 tanien
737 2647 794 2692 ante
809 2687 815 2700 ,

193 2728 305 2777 infernas
316 2727 405 2776 adcede
415 2727 512 2788 domos,
524 2736 549 2783 et
556 2729 654 2780 Averna
663 2744 707 2792 per
717 2731 767 2779 alta

152 2830 155 2835 ⁴
195 2817 346 2878 congressus
354 2825 419 2879 pete,
430 2825 497 2877 nate,
509 2832 585 2866 meos.
619 2819 676 2866 Non
688 2832 727 2866 me
738 2817 806 2881 inpia
817 2833 923 2883 namque

193 2908 297 2955 Tartara
306 2906 408 2966 habent,
418 2906 501 2956 tristes
512 2908 621 2968 umbrae3
637 2907 681 2956 sed
691 2921 789 2960 amoens
798 2909 896 2972 piorum

196 2994 307 3045 Concilia
317 2995 475 3058 Elysiumque
484 2997 548 3044 colo.
582 2997 637 3044 Huc
648 3003 714 3045 cssta
724 2997 816 3060 Sibylla

196 3085 328 3145 Nigrarum
340 3085 419 3136 multo
429 3067 551 3147 secudum
560 3091 586 3132 te
596 3085 713 3146 sangiune
725 3086 804 3136 ducet.

195 3175 260 3224 'lum
271 3187 346 3237 genus
357 3187 431 3223 omne
440 3181 521 3235 tuum,
532 3180 568 3236 et,
580 3188 635 3236 quae
645 3174 733 3225 dentur
744 3175 846 3239 moeuia,
857 3177 942 3228 disces.
