2334 3734
401 550 557 600 AENEIDOS
572 549 641 598 tls.
659 550 692 597 ll.
904 548 948 594 165

143 680 271 744 Respicis,
284 686 309 728 et
319 695 372 744 que
384 678 416 729 sit
426 693 466 728 me
476 680 569 728 curum
579 677 649 742 eopia
657 678 745 726 lustru.

141 774 282 820 Deseruere
293 783 379 820 omnes
390 768 488 829 defessi,
500 777 525 818 et
536 782 641 831 corpora
651 768 715 816 saltu

140 861 185 910 Ad
195 869 286 909 terram
293 860 385 908 misere
395 866 437 908 aut
448 859 544 920 ignibus
554 871 620 918 egra
629 856 725 905 dedere.

183 951 370 1014 [Jamqueadeo
382 964 454 1013 super
465 963 529 997 unus
540 961 621 997 eram:
639 961 715 1009 quum
725 943 812 994 limina
821 945 902 994 Veste

142 1043 287 1091 Servantem
299 1049 324 1090 et
332 1040 429 1090 tacitam
442 1047 536 1089 secreta
546 1039 570 1086 in
582 1038 640 1087 sede
650 1039 767 1086 latentem

144 1131 287 1194 'lisndarida
297 1130 403 1193 adspicio
414 1151 422 1192 3
439 1130 499 1179 dant
508 1129 575 1178 clara
584 1127 697 1177 incendia
706 1127 787 1175 lucem

144 1220 257 1279 Errasti,
268 1219 405 1282 passimque
416 1219 500 1268 buflos
512 1232 554 1281 per
565 1224 653 1266 cuncta
662 1214 759 1264 imenti.

147 1310 196 1358 Illa
207 1309 253 1358 sibi
264 1309 365 1359 infestos
376 1321 460 1358 eversa
470 1309 502 1356 ob
514 1309 632 1367 Pergama
641 1307 761 1363 Teucros,
815 1295 818 1299 ’

148 1400 181 1447 Et
191 1411 275 1462 poeuas
286 1399 408 1457 Danaum,
421 1405 446 1446 et
455 1395 544 1445 deserti
555 1394 666 1455 conjugis
676 1393 735 1452 iras,

147 1489 414 1548 Premetuens,fl*rojte
425 1494 450 1535 et
457 1486 543 1550 patriae
553 1484 692 1533 communis
703 1482 819 1544 Erinnys,

151 1578 284 1628 Abdiderat
294 1593 357 1638 sese,
369 1585 441 1639 atque
452 1576 500 1625 aris
512 1575 590 1624 invisa
598 1574 705 1623 sedebat.

150 1670 271 1721 Exarsere
282 1668 349 1730 ignes
359 1667 460 1727 anim03
478 1666 544 1715 subit
553 1665 727 1716 incedentem

151 1759 243 1809 Ulcisci
253 1760 367 1824 patriam,
378 1766 403 1808 et
413 1759 541 1807 sceleratas
552 1769 649 1804 sumere
659 1767 752 1818 poenas.

151 1846 249 1900 Scilicet
259 1851 310 1898 haec
321 1851 432 1912 Spartam
444 1845 572 1896 incolumis
583 1844 721 1907 patriasque
732 1843 847 1905 Mycenas

152 1943 284 2005 Adspiciet‚
297 1949 415 2004 partoque
426 1938 473 1987 ibit
482 1937 565 1999 regina
574 1935 718 1998 triumpho?

152 2031 355 2092 conjugiumque,
365 2029 524 2089 domumque,
532 2008 623 2089 patres,
634 2031 751 2084 natosque
760 2018 860 2076 ridebit,

153 2121 256 2170 iliadum
266 2120 339 2171 turba
350 2115 496 2180 ethrygiis
507 2114 622 2163 comitata
632 2109 768 2159 ministris?

154 2209 276 2259 Occiderit
287 2209 352 2256 ferro
365 2205 494 2256 Priamus?
513 2203 590 2262 'l'roja
600 2199 689 2249 arserit
697 2195 748 2258 igni
759 2197 769 2241 1

155 2298 305 2348 Dardanium
316 2295 388 2346 toties
400 2293 493 2342 sudarit
504 2290 621 2352 sanguine
630 2288 709 2336 liuns?

157 2390 213 2437 Non
226 2387 266 2436 ita.
300 2388 422 2446 Namque,
433 2382 479 2431 etsi
489 2381 587 2430 nullum
597 2372 756 2425 memorabile
765 2383 856 2420 nomen

155 2475 269 2527 Feminea
277 2477 303 2524 in
312 2489 383 2539 poeua
393 2481 440 2532 est,·
452 2471 579 2520 nechabet
588 2464 692 2515 victoria
700 2461 798 2510 landem
809 2478 817 2520 3

157 2568 299 2619 Extinxisse
309 2567 377 2615 nefas
389 2572 481 2622 emen,
493 2569 518 2610 et
529 2558 645 2608 sumsisse
656 2550 771 2602 merentis

157 2659 283 2708 Laudaber
293 2669 395 2720 poenas3
412 2652 568 2712 animumque
578 2648 689 2710 explesse
696 2639 790 2703 jurabit

158 2747 260 2798 Ultricis
270 2745 385 2803 flamme,
398 2749 422 2791 et
432 2741 526 2790 cineres
538 2738 638 2786 satiasse
649 2745 769 2783 meorum.

158 2836 229 2886 Talia
236 2836 357 2896 jactabam
361 2840 406 2892 ,et
416 2830 506 2878 furiata
516 2835 600 2876 mente
611 2824 706 2872 ferebar
712 2819 733 2882 ς]

159 2929 242 2982 Quum
252 2923 315 2973 mihi
325 2937 361 2983 se3
373 2927 491 2969 nonante
501 2917 579 2966 oeulis
590 2923 642 2963 tam
652 2912 730 2968 clara,
740 2903 867 2958 videndam

160 3015 268 3076 Obtulit,
279 3021 305 3063 et
314 3026 377 3076 pura
386 3023 428 3073 per
438 3015 536 3057 nectem
547 2996 747 3065 inlusereinlsit

160 3107 234 3156 Alma
244 3117 343 3168 parens,
354 3097 465 3148 confessa
475 3096 555 3154 deam,
563 3089 690 3153 qualisque
700 3082 778 3142 videri

163 3193 288 3247 Coelicolis
296 3199 321 3240 et
331 3195 422 3253 quanta
432 3187 512 3246 solet3
530 3183 663 3240 dextraque
675 3174 821 3239 prehensum
