2334 3734
404 510 561 559 AENElDOS
578 512 725 560 ututur.
922 514 969 564 327

170 636 392 688 Laomedontiaden
404 637 539 697 Priamum,
551 637 675 686 Salamina
685 645 816 700 petentem,

170 728 293 774 Protenus
304 723 415 773 Arcadiae
426 724 517 786 gelidos
531 724 636 773 mvnere
644 725 711 790 finis.
776 734 778 737 ’

171 816 237 862 'ihm
248 812 310 861 mihi
321 811 402 875 prima
411 825 485 872 genae
494 812 597 861 vestibat
606 812 667 861 dore
675 814 791 872 juventae
850 816 854 820 '

171 901 327 968 Mirabarque
337 900 410 949 duces
421 901 540 959 'rencroq
551 900 657 966 mirabar
668 908 693 948 et
703 900 783 964 ipsum

163 976 404 1040 'momuonearem
422 991 712 1054 monetariorum

174 1081 299 1129 Anchises.
332 1081 396 1128 Mihi
407 1095 477 1130 mene
485 1083 593 1142 juvenali
604 1083 703 1133 ardebat
714 1097 797 1132 amore

174 1169 318 1230 Conpellare
328 1168 419 1228 mum,
431 1177 457 1218 et
467 1169 560 1219 dextre
570 1173 717 1232 conjungere
727 1172 845 1220 dextram.

172 1255 283 1316 Adcessi,
293 1264 319 1305 et
329 1256 429 1318 cupidos
440 1256 589 1306 Phenei'suh
601 1259 691 1306 moenia
701 1259 769 1307 duxi.
778 1281 782 1290 ·

174 1345 221 1392 llle
231 1344 292 1392 mihi
302 1342 421 1406 insignem
433 1347 573 1407 pharetram
584 1346 714 1409 Lyciasque
724 1347 822 1408 sagittae

174 1431 306 1481 Discedens
315 1433 515 1496 chlamydemque
525 1448 586 1482 auro
594 1433 660 1482 dedit
670 1434 836 1494 intertextam,

175 1521 300 1581 Frenaque
308 1520 376 1580 hina,
388 1535 456 1570 meos
467 1517 598 1583 que'nunc
608 1522 692 1581 habet,
705 1534 788 1582 aurea,
801 1523 888 1571 Pallas.

79 1670 89 1676 ,
175 1609 240 1669 Ergo
251 1616 287 1668 et,
298 1622 370 1671 quarn
379 1609 472 1671 petius,
481 1611 566 1669 juncta
575 1618 613 1659 est
623 1610 684 1658 mihi
696 1611 788 1660 foedere
799 1611 895 1686 dextre

176 1698 218 1756 Et,
229 1697 274 1744 lnx
284 1711 360 1757 quum
370 1696 478 1759 primum
485 1692 561 1745 ‘terrie
570 1712 597 1746 se
607 1698 713 1746 crastina
722 1698 817 1758 reddet,

176 1785 277 1834 Auxilio
286 1786 356 1835 laetos
366 1785 498 1846 dimittam,
509 1785 643 1848 opibusque
650 1788 749 1846 iuvabo.

178 1874 277 1922 Interea
285 1885 354 1921 sacra
363 1874 425 1933 hare,
436 1874 532 1934 quando
544 1874 592 1922 huc
602 1874 703 1922 venistis
714 1869 809 1933 amici,¹

177 1962 276 2021 Annua,
288 1977 342 2023 ane
351 1962 449 2010 differre
459 1963 537 2022 nefas,
548 1965 668 2012 celebrate
679 1963 786 2012 faventes

178 2047 322 2108 Nobiscum,
334 2051 418 2108 etjam
429 2065 495 2098 nunc
505 2045 628 2098 sociorum
639 2049 772 2098 adsumite
784 2035 882 2098 mensis.

211 2137 270 2184 llaec
280 2135 322 2184 uhi
332 2135 406 2195 dicta,
418 2135 490 2196 dapes
499 2136 571 2194 jubet
579 2143 606 2183 et
617 2136 712 2182 sublata
722 2134 808 2196 reponi

129 2232 134 2236 ’
179 2224 279 2283 Pocula,
291 2223 463 2284 gramineoque
469 2211 538 2268 'rir'os
548 2222 614 2269 locat
625 2221 676 2282 ipse
687 2221 771 2281 eedili;

183 2311 383 2373 Precipuunrque
392 2317 448 2356 toro
459 2316 485 2356 et
493 2307 575 2356 villosi
585 2309 649 2370 pelle
660 2307 737 2356 leonis

181 2398 391 2461 AdcipitAEneun‚
403 2396 513 2458 solioque
524 2395 611 2443 invitat
620 2386 716 2443 acerno.

180 2488 246 2534 ‘lum
256 2486 312 2535 lecti
320 2487 421 2546 juvenes
431 2484 543 2532 certatim
553 2495 648 2543 ermque
659 2481 770 2530 sacerdos

88 2571 92 2576 ’
182 2574 281 2627 Viscera
288 2581 352 2622 tosta
363 2574 446 2622 ferunt
456 2572 594 2630 taurorum,
603 2566 873 2632 onerantquecanistris

183 2663 254 2710 Dona
263 2663 378 2710 laboratae
391 2659 498 2719 Cereris,
509 2659 679 2720 Bacchumque
689 2655 837 2706 ministrant.

184 2749 295 2797 Vescitur
305 2751 406 2809 AEmae,
417 2749 491 2796 simul
502 2755 528 2796 et
537 2737 646 2807 ‘lrojaria
653 2748 778 2806 juventus,

186 2838 298 2900 Perpetui
308 2846 376 2900 tergo
386 2840 455 2887 horis
463 2846 489 2887 et
498 2838 642 2886 lustralibus
652 2835 729 2900 extis(

217 2928 349 2988 Postquam
359 2936 456 2975 memte
465 2927 553 2987 fames,
564 2934 590 2974 et
600 2938 669 2973 antor
679 2933 823 2984 conpressus
833 2917 929 2976 edendi,

186 3016 239 3063 Rex
248 3014 376 3063 Evandrus
385 3014 435 3062 ait:
452 3016 511 3062 Non
520 3015 572 3062 haec
582 3007 713 3062 sollemnia
722 3007 803 3064 nobis,‘
871 3019 874 3024 ·

188 3103 239 3152 Har
250 3115 282 3150 ex
292 3117 362 3151 more
371 3102 455 3164 dapes,
462 3102 528 3160 hanc
537 3099 600 3150 tanti
609 3095 718 3162 numinis
730 3107 796 3148 aram
