2334 3734
397 516 555 570 AENs'iuos
572 521 635 570 ΗΒ.
653 523 698 572 111.
905 529 950 578 189
1026 537 1029 540 '

147 639 252 690 Litoreis
262 641 348 704 ingens
359 643 458 695 inventa
468 648 514 696 sub
524 648 620 700 ilicibus
631 667 683 714 sus,

146 729 258 792 'liiginta
267 733 375 796 capitum
385 736 449 785 fetus
460 738 544 799 enixa,
553 741 654 802 iacebit,

148 821 222 880 Alba,
235 823 288 871 solo
300 825 429 887 recubam,
441 828 490 877 nlbi
501 829 595 880 circum
606 833 682 882 ubera
692 835 742 884 nati
753 855 758 884 ι

146 911 171 959 is
180 912 248 961 locus
258 914 326 963 urbis
337 916 385 965 erit
394 937 402 979 3
420 919 515 980 requies
525 935 555 969 ea
564 929 631 972 certa
641 923 761 975 laborum.

146 1003 199 1051 Nec
210 1009 238 1050 tu
248 1017 388 1055 mensarum
400 1022 496 1058 morsus
507 1011 623 1062 horresce
633 1014 742 1064 fumos:

146 1091 207 1140 Fata
216 1093 280 1143 viam
291 1093 425 1158 invenient,
438 1099 562 1163 aderitque
572 1111 672 1152 vocamus
684 1105 783 1167 Apollo.

148 1182 200 1231 Has
210 1190 292 1233 autem
304 1193 392 1249 terras,
404 1188 507 1252 italique
517 1191 582 1240 hanc
592 1192 673 1241 litoris
685 1207 765 1254 oram,

148 1273 265 1336 Proxima
275 1289 329 1336 quae
340 1276 419 1326 nosui
429 1278 583 1340 perfunditur
595 1281 699 1341 {equoris
711 1289 782 1342 aestu,

147 1363 233 1424 Effuge
244 1383 249 1412 ι
266 1372 354 1414 cuncta
363 1366 435 1414 malis
446 1367 589 1416 habitantur
597 1369 689 1418 moenia
700 1370 789 1420 Graiis.

148 1451 196 1500 Hic
205 1437 235 1501 et*
242 1453 341 1517 Narycii
351 1464 485 1518 posuerunt
496 1456 588 1505 rnoenia
600 1458 682 1519 Locri,

148 1541 181 1588 Et
191 1541 340 1592 salentinos
352 1545 449 1594 obsedit
459 1544 538 1594 milite
548 1559 648 1609 campos

148 1629 245 1694 Lyctius
258 1632 401 1683 Idomeneus
415 1654 423 1696 ;
440 1634 480 1683 hic
492 1633 536 1682 illa
546 1635 616 1684 ducis
629 1635 739 1685 Meliboei

150 1723 227 1772 Parva
237 1724 379 1775 Philoctetae
391 1727 497 1776 subnixa
508 1727 601 1778 Petelia
612 1741 692 1778 muro.

150 1813 227 1875 Quin,
238 1815 282 1864 nbi
291 1816 440 1866 transmissa
452 1818 564 1867 steterint
574 1827 643 1868 trans
654 1831 752 1881 equora
762 1818 862 1879 classes,

150 1904 183 1953 Et
193 1904 279 1967 positis
290 1905 339 1955 aris
349 1907 401 1967 jam
412 1915 469 1956 voto
479 1908 505 1956 in
517 1909 590 1959 litore
601 1909 695 1959 solves:

150 1992 277 2055 Purpureo
287 1995 369 2044 velare
379 2010 462 2045 comas
474 1997 603 2060 adopertus
616 1999 706 2047 amictu
716 2019 725 2060 3

151 2083 190 2132 Ne
199 2097 247 2144 qua
257 2083 321 2132 inter
332 2093 428 2134 sanctos
440 2084 503 2146 ignis
513 2087 539 2136 in
552 2087 647 2135 honore
658 2086 760 2135 deornm

152 2171 255 2221 Hostiiis
264 2172 337 2221 facies
347 2181 471 2232 occurrat,
482 2180 507 2221 et
518 2173 602 2222 omnia
614 2175 704 2223 turbet.

154 2261 225 2309 Hunc
237 2262 297 2311 socii
309 2275 404 2310 morem
415 2274 552 2321 sacrorum,
563 2262 629 2310 hunc
640 2262 691 2325 ipse
702 2269 784 2311 teneto
795 2283 803 2324 ς

154 2353 206 2402 Hac
216 2354 277 2402 uasti
288 2360 403 2402 maneant
410 2352 436 2400 in
448 2351 567 2413 religione
576 2359 685 2414 nepotes.

152 2443 209 2504 Ast,
220 2443 263 2492 ubi
273 2443 408 2505 digressum
421 2441 509 2492 Siculae
520 2450 545 2491 te
555 2441 691 2491 admoverit
701 2455 750 2490 orae

153 2535 257 2594 Ventus,
269 2542 294 2583 et
305 2533 401 2596 angusti
411 2541 535 2583 rarescent
544 2535 651 2582 claustra
663 2533 755 2593 Pelori,

154 2624 225 2672 Laeva
235 2623 280 2672 tibi
290 2625 375 2686 tellus,
387 2632 412 2674 et
422 2625 497 2685 longo
508 2624 568 2673 luva
578 2629 693 2687 petantur

155 2713 265 2774 Equora
275 2714 377 2763 circuitu
388 2735 396 2777 ;
414 2715 528 2764 denum
539 2715 595 2775 iuge
608 2714 666 2763 litus
675 2721 699 2762 et
708 2713 796 2764 undas.

156 2803 215 2851 Hauc
226 2803 281 2851 loca
290 2803 314 2851 vi
325 2803 458 2866 quondam,
471 2812 496 2853 et
505 2812 573 2852 vasta
583 2804 699 2853 convolsa
709 2803 791 2862 ruina,

154 2892 262 2941 Tannum
273 2892 318 2940 aevi
328 2892 461 2954 longinqua
470 2895 534 2942 valet
544 2899 640 2942 mutare
650 2896 772 2944 vetustas!

156 2981 297 3032 Dissiluisse
307 2983 400 3042 ierunt,
413 2997 488 3044 quum
499 2990 616 3046 protenus
626 2991 729 3046 utraque
740 2985 814 3034 tellus

157 3073 216 3121 Una
226 3072 309 3135 foret3
326 3071 394 3121 venit
404 3071 485 3120 medio
495 3073 519 3121 vi
528 3082 629 3136 pontus,
641 3081 666 3122 et
675 3073 748 3123 undis

158 3160 303 3222 Hesperium
314 3160 398 3211 Siculo
406 3160 470 3210 laon
480 3162 592 3224 abscidit,
603 3177 707 3225 arvaque
718 3173 743 3214 et
753 3164 821 3214 urbis
