2334 3734
427 487 583 543 AENEIDOS
600 494 663 543 LIB.
679 492 723 543 IX.
923 498 969 547 371

174 614 230 663 Sive
240 614 299 664 Padi
310 615 380 680 ripis,
391 618 502 667 Athesim
511 634 554 669 seu
564 628 664 683 propter
674 635 808 683 amoenum,

99 690 106 702 ⁸
175 704 333 767 Consurgunt
343 706 444 768 gemine
455 723 568 769 quercus,
579 710 723 783 intonsoque
735 712 797 761 cmlo

174 791 304 841 Adtollunt
313 795 402 857 capita,
413 804 439 844 et
448 796 547 845 sublimi
557 798 647 847 vertice
657 806 751 854 numut.

175 881 332 945 Inrumpunt,
344 884 423 933 aditus
437 886 519 935 Rutuli
529 895 558 934 ut
566 885 648 936 videre
660 887 771 950 patentis.

175 968 298 1018 Continuo
310 972 443 1033 Quercens,
454 981 479 1021 et
489 974 572 1035 pulcer
583 974 715 1037 Aquicoluu
726 976 811 1036 armis,

174 1059 206 1105 Et
216 1073 321 1122 praeceps
331 1061 406 1107 animi
416 1064 520 1111 'inrarus
531 1071 557 1111 et
566 1064 701 1119 Mavortius
712 1067 825 1125 Humor,

174 1146 317 1206 agminibus
328 1148 386 1197 totis
396 1158 439 1198 aut
446 1150 510 1201 uersi
521 1159 589 1211 terga
599 1150 697 1211 dedere,

69 1226 76 1233 ’
173 1236 224 1281 Aut
235 1234 287 1297 ipso
298 1244 374 1297 portae
385 1250 486 1298 posuere
495 1238 520 1287 in
531 1238 617 1287 limine
628 1238 711 1287 vitem.

173 1324 237 1371 Tum
249 1322 324 1384 magis
335 1324 475 1373 increscunt
484 1326 573 1375 animis
582 1326 733 1399 discordibus
744 1325 801 1389 irae3

173 1411 206 1458 Et
213 1411 264 1470 Jam
271 1396 379 1460 'conlecti
388 1414 466 1462 unes
474 1414 638 1473 glomerantur
649 1415 745 1475 eodem,

174 1499 207 1546 Et
214 1500 324 1548 conferre
335 1514 434 1549 manum
445 1509 471 1549 et
480 1516 623 1564 procurrere
638 1502 734 1565 longius
745 1502 843 1553 audent.

207 1589 307 1637 Ductori
318 1592 413 1649 Turno,
425 1590 518 1639 diversa
529 1592 555 1640 in
564 1600 633 1655 parte
643 1592 745 1653 furenti,

174 1678 340 1739 Turbuntique
351 1679 425 1739 viros,
436 1680 556 1741 perfertur
566 1680 678 1741 nuntius,
689 1678 785 1739 hostem

175 1764 275 1814 Fervere
286 1766 351 1815 ccede
362 1780 435 1827 nova,
446 1776 472 1816 et
481 1776 562 1831 portas
573 1771 680 1832 praebere
691 1770 802 1833 patentis.

174 1854 271 1903 Deserit
280 1855 412 1919 inceptum,
425 1865 496 1920 atque
504 1858 598 1907 inmani
609 1860 718 1909 concitus
729 1860 766 1909 ira

172 1943 318 1994 Dardaniam
329 1945 378 1993 ruit
389 1945 418 1993 ad
430 1955 524 2009 portam
535 1948 669 2010 fratresque
680 1950 813 2011 superb0s3
886 1962 887 1965 ’

174 2030 206 2078 Et
217 2031 324 2092 primum
334 2032 493 2093 Antiphaten,
504 2034 525 2082 is
536 2036 602 2083 enim
613 2050 639 2085 se
649 2037 742 2098 primus
753 2039 846 2098 agebat,
924 2027 926 2032 ¹

173 2116 291 2165 Thebana
302 2117 332 2165 de
342 2125 419 2166 matre
429 2120 532 2166 nothum
543 2122 689 2182 Sarpedonis
701 2122 755 2182 alti,

176 2206 293 2264 coniecto
304 2205 392 2253 sternit
399 2207 494 2265 jaculo:
512 2209 578 2255 volat
589 2210 651 2257 Itala
660 2224 748 2258 cornus

175 2292 240 2341 Aera
250 2308 292 2355 per
303 2301 424 2355 tenerum,
435 2296 609 2358 stomachoque
620 2297 696 2345 infixa
707 2298 752 2347 sub
761 2298 838 2346 altum

175 2382 262 2429 Pectus
273 2381 324 2430 abit
335 2402 343 2443 ;
360 2382 439 2440 reddit
450 2397 534 2445 specus
546 2383 592 2432 aui
604 2383 709 2433 volneris
720 2384 812 2433 undam

175 2469 344 2530 Spumantem,
356 2478 381 2518 et
389 2471 440 2519 fuxo
451 2472 544 2519 ferrum
556 2472 581 2519 iu
593 2463 708 2534 pulmone
719 2471 827 2535 tepescit.

173 2559 581 2623 'iumMeropematqueErymanta
589 2560 974 2624 manu‚tumsiernitAphidnum;

174 2648 238 2694 ‘lium
250 2648 331 2697 Bitian
343 2648 467 2698 ardentem
478 2650 566 2709 oeulis,
575 2649 712 2712 animisque
724 2650 879 2711 frementem,

177 2735 232 2781 Non
242 2735 337 2793 iaculo:
355 2738 506 2799 nequeenim
516 2739 598 2798 jaculo
607 2738 681 2787 vitam
694 2738 736 2787 ille
746 2738 862 2787 dedisset:

176 2821 225 2869 Sed
235 2836 349 2883 mugnum
359 2825 464 2873 stridens
475 2833 587 2875 contorta
597 2826 720 2888 phalarica
729 2825 805 2885 veuit,

176 2909 296 2957 Fulminis
305 2919 358 2959 acta
368 2913 455 2961 modo:
473 2928 545 2975 quam
557 2928 601 2962 nee
613 2913 661 2962 duo
671 2921 755 2961 taurea
763 2920 839 2974 terga,

178 3000 230 3047 Nec
239 2999 329 3062 duplici
341 3015 441 3061 squama
451 3001 528 3051 lorica
539 3002 617 3051 fidelis
629 3009 654 3050 et
664 3016 725 3049 auro

127 3089 137 3112 ·’
178 3088 314 3151 Sustinuit;
330 3090 446 3138 conlabsu
456 3099 531 3140 ruunt
541 3090 649 3140 inmania
659 3091 774 3139 membra.
