2334 3734
425 534 582 586 AENElDOS
599 536 661 585 LIB.
681 535 724 585 IX.
924 538 972 587 359

174 670 239 717 Tum
250 673 322 730 eaput
331 664 380 730 ipsi
390 665 470 715 aufert
480 666 592 726 domino,
604 673 764 727 truncumque
775 665 891 729 relinquit

174 756 298 819 Sanguine
308 756 481 818 singultantem
490 774 498 818 3
516 763 570 804 atro
580 757 699 818 tepefacta
709 768 796 806 eruore

173 849 252 896 Terra
260 846 356 909 torique
366 847 473 895 malem.
506 848 558 895 Nee
568 860 619 895 non
628 848 805 909 Lamyrumque
812 848 972 909 Lamumque,

175 938 208 986 Et
215 939 329 999 juvenem
339 938 484 995 Sarranum,
495 936 539 984 illa
549 935 591 997 qui
602 934 709 997 plurima
719 944 790 985 noete

105 1010 109 1015 ’
174 1026 287 1084 Luserat,
298 1025 401 1087 insignis
413 1025 484 1084 faeie,
495 1026 621 1085 multoque
628 1025 724 1085 jacebat

176 1115 289 1163 Membra
299 1115 344 1164 deo
354 1115 431 1163 victus
441 1134 447 1163 ε
465 1114 535 1174 felix,
548 1113 569 1161 si
580 1121 697 1176 protenus
707 1112 779 1161 illum

174 1205 305 1266 AEquasset
314 1206 380 1253 nocti
391 1204 487 1263 ludum,
497 1203 524 1251 in
534 1203 662 1263 lueemque
671 1200 775 1249 auisset.

174 1295 286 1357 lupastus
296 1308 341 1342 eeu
351 1295 424 1355 plena
434 1294 473 1341 leo
484 1306 527 1353 per
538 1291 613 1339 ovilia
622 1292 737 1351 turbans;

172 1383 263 1432 Suadet
272 1381 339 1431 enim
349 1394 438 1429 vesana
447 1380 542 1441 famen
560 1378 701 1440 manditque
711 1378 833 1441 trahitque

173 1472 251 1521 Molle
262 1484 334 1534 pecus
346 1477 488 1531 mutumque
500 1476 582 1530 metu3
601 1468 684 1517 fremit
694 1482 736 1517 ore
747 1475 855 1517 cruento.

174 1563 226 1609 Nec
238 1560 319 1608 minor
329 1558 428 1621 Euryali
438 1557 529 1606 cades:
546 1560 662 1623 lucensus
672 1562 698 1605 et
705 1556 757 1619 ipse

174 1648 298 1709 Periurit;
315 1661 344 1696 ae
353 1648 455 1695 multam
467 1646 492 1695 in
504 1646 585 1695 medio
597 1646 649 1693 sine
660 1644 761 1694 nomine
770 1646 876 1708 plebem,

174 1738 324 1799 Fadumque,
334 1737 517 1797 Herbesumque
527 1734 603 1793 subit,
612 1734 786 1795 Rhoetumque,
797 1732 955 1795 Abarimque,

176 1828 292 1888 lgnaros3
309 1826 425 1874 llhoetum
434 1825 586 1886 vigilantem,
597 1830 623 1872 et
633 1830 720 1872 cuneta
729 1822 867 1884 videntem

176 1916 224 1964 Sed
235 1929 350 1976 magnum
361 1922 472 1963 metuens
483 1926 510 1961 se
519 1920 575 1977 post
586 1920 680 1961 cratera
689 1911 796 1973 tegebat:

177 2006 277 2053 Pectore
288 2004 314 2052 in
326 2004 426 2052 adverso
437 2009 516 2051 totum
527 2002 567 2051 αιί
577 1992 715 2051 comminus
725 2014 809 2050 ensem

180 2092 296 2143 condidit
306 2091 455 2152 adsurgenti,
465 2099 491 2139 et
501 2092 579 2140 multa
590 2098 668 2137 morte
676 2089 773 2151 recepit.

179 2185 330 2243 Purpuream
341 2177 418 2226 vomit
429 2177 472 2226 ille
483 2179 607 2237 animam3
624 2185 649 2225 et
659 2192 715 2225 cum
727 2176 843 2237 sauguine
853 2176 930 2225 mista

178 2270 244 2319 Vina
251 2270 327 2316 refert
337 2266 452 2315 moriens.
486 2265 533 2313 Hie
543 2266 611 2313 furto
621 2264 727 2312 fervidus
738 2263 819 2314 instat.

178 2361 284 2419 Jamque
294 2357 326 2406 ari
338 2355 444 2417 Messapi
454 2353 533 2403 sorios
543 2352 674 2413 andebam
692 2352 734 2400 ubi
746 2351 826 2413 ignem

181 2448 290 2497 Defioere
300 2453 449 2503 extremum,
460 2450 487 2492 et
496 2443 610 2503 religatos
621 2441 667 2489 rite
677 2440 773 2489 ridebat

182 2538 287 2600 Carpere
298 2548 397 2597 gramm
410 2546 500 2594 equoe:
516 2530 622 2579 breviter
633 2544 689 2578 eum
700 2528 759 2577 talia
771 2528 845 2579 Nisus

185 2625 278 2689 (Sensit
288 2624 355 2673 enim
367 2620 516 2671 nimiaeaede
526 2628 599 2682 atque
610 2618 816 2683 cupidissimi),

181 2713 345 2773 Absistemus,
356 2712 404 2761 ait:
422 2725 479 2759 uam
491 2711 535 2757 lux
547 2708 647 2757 inimica
656 2707 810 2771 propinquat.

183 2804 315 2851 Poenarum
323 2802 469 2850 exhaustum
479 2800 538 2849 satis
549 2806 603 2860 eat;
620 2798 660 2845 via
669 2798 732 2845 laeta
741 2810 785 2858 per
796 2795 887 2845 hostes.

184 2892 265 2941 Multa
275 2890 352 2938 virum
365 2890 444 2938 solido
455 2897 555 2950 argento
566 2886 673 2950 perlecta
683 2884 825 2947 relinquunt

183 2982 318 3039 Armaque,
329 2984 483 3039 maturaeque
493 2977 578 3037 simul,
590 2977 734 3040 pulcrosque
744 2980 845 3036 tapetas.

185 3068 305 3132 Euryalus
315 3066 428 3129 phaleras
439 3066 592 3126 Rhamnetis,
604 3072 629 3113 et
639 3077 713 3113 aurea
723 3062 797 3113 bullis

188 3154 411 3220 singularibus
418 3156 524 3205 Remulo
535 3154 669 3205 ditissimus
680 3152 741 3203 olim
