2334 3734
192 532 239 582 rsr
414 509 591 580 cumcun
605 523 764 582 ‚uaaoms

191 663 245 725 lpse
255 661 332 725 latet3
349 658 448 722 gemino
457 646 590 708 demittunt
599 655 699 707 brachia
710 669 782 704 muro

190 751 286 802 Turriti
295 750 400 815 scopuli,
411 749 548 812 refugitque
557 749 587 797 ab
598 748 671 798 litore
681 748 810 812 templum.

192 844 303 897 Quatuor
314 842 364 903 hic,
375 842 481 906 primum
493 855 577 901 omen,
589 853 664 902 equos
675 837 701 886 iu
713 836 822 898 gramine
832 833 880 884 vidi

190 932 327 982 Tondends
337 945 450 996 campum
461 932 520 991 late,
531 929 638 979 candore
647 926 733 976 nivali.

193 1027 227 1075 Et
236 1033 305 1089 pater
316 1024 449 1075 Anchises:
468 1025 577 1084 Bellum,
588 1037 604 1071 o
616 1029 683 1070 terra
692 1019 800 1084 hospita,
811 1023 911 1082 portas3

193 1116 265 1165 Bello
277 1123 404 1164 armantur
411 1115 466 1177 equi
476 1134 484 1177 3
501 1113 594 1162 bellum
604 1112 657 1161 hac
666 1117 777 1160 armenta
787 1109 919 1158 minantur.

193 1205 242 1256 Sed
253 1213 335 1254 tamen
345 1204 411 1254 idem
421 1204 483 1253 olim
492 1217 567 1253 curru
577 1202 707 1252 succedere
717 1200 780 1275 sueti

198 1296 383 1360 Quadrupedes,
394 1303 420 1345 et
431 1295 501 1344 irena
509 1296 570 1356 jugo
580 1293 711 1342 concordia
722 1293 786 1341 ferre
795 1311 800 1340 :

196 1387 257 1450 Spes
267 1393 293 1435 et
302 1385 378 1449 pacis,
389 1385 431 1434 ait.
462 1387 528 1434 'liam
538 1382 640 1432 numina
650 1389 733 1432 sancta
743 1394 870 1444 precamur

198 1475 304 1526 Palladis
315 1475 455 1536 armisonae,
467 1490 521 1537 quar
530 1474 611 1538 prima
621 1472 715 1536 adcepit
725 1471 818 1522 ovantis
829 1491 837 1535 3

198 1565 232 1616 Et
242 1565 320 1629 capita
327 1572 387 1614 ante
396 1579 450 1614 aras
463 1564 567 1628 Phrygio
578 1565 688 1613 velamur
699 1562 789 1612 amictu
799 1581 807 1625 ;

201 1655 379 1726 Praeceptisque
391 1655 489 1715 Heleni,
502 1655 602 1703 dederat
613 1668 667 1716 quae
677 1667 803 1716 maxuma,
814 1652 860 1702 rite

201 1744 297 1795 lunoni
307 1744 402 1806 Argivae
411 1745 492 1804 jussos
503 1732 630 1792 adolemus
642 1743 757 1792 honores.

237 1833 310 1883 Haud
318 1845 403 1882 mora:
421 1833 539 1881 continuo
546 1833 660 1896 perfectis
672 1832 757 1882 ordine
768 1831 840 1894 votis,

208 1921 448 1974 Cornuarelatarum
461 1921 610 1970 obvertimus
622 1929 795 1983 antennarum,

207 2011 420 2073 Grajugenumque
431 2009 517 2059 domos
529 2019 695 2074 suspectaque
700 2011 834 2074 linquimus
846 2021 910 2061 arva.

207 2099 271 2150 Hinc
282 2099 350 2148 sinus
362 2101 487 2161 Herculei,
499 2101 520 2149 si
531 2115 588 2150 vera
600 2109 638 2151 est
648 2102 724 2164 fama,
736 2103 837 2153 Tarenti
952 2071 957 2086 ἱ

207 2189 332 2241 Cernitur.
364 2189 470 2238 Adtollit
479 2204 505 2238 se
516 2190 572 2239 dira
583 2191 682 2242 Lacinia
692 2200 788 2255 contra,

208 2279 372 2342 Caulonisque
380 2294 458 2342 arces,
470 2289 495 2330 et
506 2283 656 2345 navifragum
669 2285 817 2347 Scylaceum.

207 2373 273 2420 Tum
285 2362 370 2434 procul
382 2372 482 2422 eductu
492 2373 621 2423 'lhinacria
627 2374 734 2423 cernitur
745 2375 837 2437 AEtna3

207 2461 240 2510 Et
250 2461 367 2523 gemitum
380 2462 503 2523 ingentem
514 2464 604 2527 pelagi,
616 2465 757 2528 pulsataque
769 2477 828 2512 saxa
928 2458 935 2469 ’

208 2550 329 2600 Audimus
340 2553 422 2613 longe,
434 2553 572 2615 fractasque
583 2553 615 2601 ad
626 2553 700 2603 litora
711 2566 798 2617 voces3
835 2591 838 2597 .

209 2641 391 2701 Exsultantque
401 2641 471 2700 vada,
483 2649 556 2703 atque
567 2651 629 2692 aestu
641 2643 774 2692 miscentur
785 2657 873 2694 arenae.

210 2731 243 2778 Et
253 2738 321 2792 pater
332 2730 467 2778 Anchises:
485 2720 610 2779 Nimirum
621 2732 673 2781 haec
685 2733 729 2782 illa
740 2733 874 2800 Charybdis
885 2753 894 2796 3
956 2761 957 2767 =

211 2821 264 2867 Hos
277 2819 387 2868 Helenus
399 2819 523 2882 scopulos,
535 2820 587 2869 hue
599 2835 657 2870 saxa
668 2822 791 2871 horrenda
802 2824 912 2873 canebat.

210 2909 314 2973 Eripite,
325 2924 342 2958 o
352 2909 430 2973 socii3
446 2911 586 2973 pariterque
596 2911 714 2974 insurgite
726 2913 809 2963 remis.

213 2998 286 3047 Haud
297 2998 377 3047 minus
389 3013 418 3048 ac
427 2999 489 3060 jussi
500 3001 609 3049 iaciunt:
627 3000 770 3064 primusque
781 3002 910 3054 rudentem

213 3087 339 3138 Contorsit
349 3088 423 3137 laevas
434 3102 533 3152 proram
545 3089 676 3139 Palinurus
688 3091 718 3140 ad
730 3092 828 3155 undas,

213 3177 309 3227 Laevam
318 3185 405 3228 cuncta
414 3178 502 3229 cohors
512 3179 587 3230 remis
595 3180 719 3244 ventisque
730 3178 822 3246 petiuit.
