2334 3734
170 543 219 591 let
397 537 426 583 P.
441 532 579 583 VIRGILII
596 528 751 579 Mauortis

173 668 249 719 Dixit.
281 668 316 715 At
325 663 370 713 ills
380 664 475 721 tuens,
486 660 584 721 acrique
592 657 697 707 mcensa
711 655 808 714 dolore,

175 756 262 808 Tradit
273 768 364 816 equum
375 752 469 811 comiti,
479 750 625 812 paribusque
635 744 728 795 resistit
735 744 762 793 in
773 742 859 800 armis,

177 850 243 896 Ense
253 843 327 907 pedes
339 842 415 900 nudo,
429 851 535 902 puraque
543 835 655 885 interrita
663 849 754 897 panna

176 937 210 983 At
215 932 324 993 juvenis,
335 929 421 977 vicisse
433 928 491 975 dolo
500 934 579 985 ratus,
590 924 671 974 avolat
678 924 740 986 ipse,

179 1022 342 1079 Haud-mora,
352 1016 523 1077 conversisque
533 1016 608 1075 fugax
618 1013 727 1061 aufertur
736 1008 849 1067 habenis,

180 1109 413 1173 Quadrupedemque
424 1106 499 1155 citum
510 1107 601 1153 ferrata
610 1104 677 1152 calce
687 1100 779 1160 fatigat

178 1201 246 1251 Vane
254 1200 339 1261 Ligus,
351 1198 489 1257 frustraque
501 1192 588 1242 animis
599 1193 661 1240 elate
672 1186 790 1251 superbis,

182 1288 351 1351 Nequidquam
362 1284 451 1348 patrias
461 1284 559 1332 tentasti
571 1282 680 1331 lubricus
691 1281 766 1340 artis;

185 1378 236 1425 Nec
248 1377 315 1425 fraus
326 1382 351 1423 te
362 1373 508 1421 incolumem
519 1370 602 1418 fallaci
608 1368 713 1431 perteret
725 1371 806 1418 Auno·

184 1466 244 1514 llaec
256 1466 320 1513 fatur
333 1462 408 1523 uirgo,
420 1470 446 1509 et
456 1458 593 1524 pernicibus
602 1458 671 1519 ignee
681 1458 771 1520 plantis

183 1552 284 1601 liandt
294 1565 383 1612 equum
392 1564 474 1608 oursu,
487 1546 610 1607 frenisque
620 1547 720 1595 adversa
728 1546 857 1611 prehensis

189 1639 351 1701 congreditur
361 1651 491 1701 poenasque
502 1633 602 1683 inimico
612 1651 644 1685 ex
654 1637 771 1697 sangiune
781 1634 864 1684 sumit.

91 1736 94 1743 “
188 1731 269 1784 Quam
279 1727 349 1776 facile
361 1726 474 1789 accipiter
486 1740 545 1774 saxo
556 1738 622 1774 sacer
633 1726 684 1773 ales
696 1726 728 1773 ab
737 1726 787 1773 alto

189 1816 351 1876 Consequitur
362 1815 448 1877 pennis
456 1814 586 1864 sublimem
597 1814 623 1861 in
634 1814 698 1861 nube
708 1812 856 1871 columbam,

190 1888 404 1965 Conpreusamque
414 1910 490 1961 tenet,
500 1902 648 1964 pedibusque
659 1900 775 1949 evisceret
784 1899 853 1948 uncis
865 1919 871 1947 :

188 1994 253 2040 Tum
265 2003 337 2037 cruor
347 1996 372 2037 et
382 1991 456 2037 volsae
466 1991 581 2037 labuntur
593 1993 623 2039 ab
634 1991 723 2038 aethere
733 1990 830 2053 plumae.

223 2079 258 2127 At
268 2090 318 2125 non
329 2076 381 2124 haec
392 2077 467 2125 nullis
478 2077 609 2125 hominum
620 2083 685 2126 sator
696 2085 768 2139 atque
779 2077 880 2125 deorum

194 2169 334 2218 Observans
345 2168 422 2217 oculis
431 2182 527 2217 summo
539 2168 606 2215 sedet
617 2168 681 2215 altus
692 2167 806 2229 Olympo.

191 2257 347 2320 'l'yrrhenum
358 2257 453 2317 genitor
463 2255 616 2304 Tarchonem
628 2254 653 2302 in
664 2254 750 2317 proelia
760 2267 824 2303 sera

195 2344 310 2405 Suscitat,
323 2352 348 2393 et
359 2344 463 2393 stimulis
474 2344 540 2392 haud
552 2343 668 2391 mollibus
680 2342 758 2403 injicit
767 2342 825 2390 iras.

124 2442 126 2448 ’
194 2434 259 2493 Ergo
270 2432 334 2481 inter·
344 2431 420 2505 credes
432 2431 588 2493 cedentiaque
600 2430 697 2491 agmina
705 2430 803 2478 ‘larcho

196 2522 366 2582 Ferturequo,
378 2519 497 2580 variisque
508 2514 606 2580 instigat
617 2518 716 2567 vocibus
729 2519 790 2578 alas,

198 2606 305 2656 Nomine
314 2620 433 2667 quemque
444 2620 550 2669 vocans;
568 2608 692 2669 reficitque
700 2606 726 2655 ih
739 2605 825 2669 proelia
834 2606 930 2668 pulsos.

200 2697 261 2752 Quis
272 2703 362 2757 metus,
374 2711 390 2743 o
401 2710 534 2758 numquam
545 2697 656 2757 dolituri,
666 2711 681 2744 o
692 2711 788 2758 semper
799 2695 889 2744 inertes

196 2784 330 2847 Tyrrheni,
341 2799 394 2847 quse
404 2791 473 2833 tauta
483 2784 570 2833 animis
582 2785 677 2846 ignaria
687 2784 773 2831 venit?

199 2874 299 2924 Femina
310 2873 413 2937 palantis
425 2872 484 2935 agit,
496 2880 566 2935 atque
579 2874 629 2921 hoec
640 2873 736 2934 agmina
747 2872 839 2920 vertit?

204 2961 260 3014 Quo
272 2959 376 3019 ferrum,
388 2959 474 3020 quidve
483 2960 535 3008 hec
545 2960 651 3021 gerimus
663 2961 713 3008 tela
724 2957 797 3007 inrita
805 2955 898 3006 dextris
908 2959 917 3014 Ξ,

204 3049 237 3096 At
247 3045 334 3097 nomin
345 3048 464 3095 Venerem
476 3062 570 3109 segnes,
583 3056 749 3109 nocturnaque
760 3047 835 3107 bella,

204 3136 264 3192 Aut,
276 3133 318 3180 ubi
328 3148 401 3185 curva
411 3135 499 3183 choros
510 3134 599 3183 indixit
608 3136 668 3184 tibia
675 3134 775 3194 Bacchi,
