2334 3734
435 545 593 598 AENEIDOS
611 549 674 598 LlB.
692 549 733 600 lV.

143 645 146 648 ⁴
177 670 266 721 Erecta
277 670 381 734 ingenti,
393 673 464 723 tedis
475 683 547 739 atque
557 677 614 728 ilice
625 687 701 740 secta,

178 761 332 824 intenditque
343 765 426 814 locum
437 767 520 828 sertis,
531 775 557 817 et
567 770 655 820 fronde
665 779 768 820 coronat

176 850 304 915 Funerea3
322 868 405 917 super,
416 857 526 918 exuvias,
537 872 668 922 ensemque
680 861 803 923 relictum,

176 941 334 1004 Effigiemque
344 951 401 992 toro
411 945 487 1005 locat,
498 947 565 996 haud
575 949 661 1010 ignaro
672 951 757 1001 futuri.

176 1031 249 1081 Stant
259 1046 307 1081 arae
317 1033 420 1095 circum,
431 1043 457 1084 et
466 1037 542 1087 crinis
554 1041 632 1088 effusa
642 1043 755 1092 sacerdos

174 1123 334 1172 Tercentum
345 1132 416 1174 tonat
426 1140 470 1175 ore
480 1126 549 1188 deos,
562 1131 728 1192 Erebumque,
741 1133 879 1196 Chaosque,
953 1174 956 1179 .

175 1212 394 1276 Tergemiuamque
407 1217 526 1276 Hecaten,
538 1218 588 1266 tria
598 1219 698 1280 virginis
710 1234 755 1270 ora
765 1222 859 1272 Dianae.

176 1303 305 1366 Sparserat
314 1312 340 1353 ct
349 1304 434 1354 latices
445 1307 574 1354 simulatos
586 1307 662 1356 fontis
674 1310 782 1372 Averui;

176 1394 325 1450 Falcibus,et
335 1411 421 1446 messae
432 1397 463 1445 ad
475 1397 571 1446 Lunam
581 1405 725 1460 queruntur
737 1400 804 1448 aenis

176 1485 298 1534 Pubentes
308 1486 401 1546 herhae,
411 1486 476 1546 nigri
486 1499 543 1534 cum
555 1486 618 1534 lacte
628 1486 715 1534 veneni
726 1506 734 1548 ;

177 1575 301 1628 Queritur
312 1584 340 1624 et
348 1575 470 1625 nascentis
480 1575 538 1638 equi
548 1575 579 1626 de
590 1576 672 1625 fronte
683 1577 804 1637 revolsus,

174 1663 208 1712 lit
219 1663 292 1714 matri
302 1672 446 1728 praereptus,
457 1679 536 1714 amor.

176 1755 242 1817 lpsa,
253 1755 320 1803 mola
330 1754 490 1817 manibusque
499 1755 557 1819 piis,
568 1754 655 1804 altaria
664 1758 745 1816 Juxta,

176 1844 262 1894 Unum
273 1851 347 1894 exuta
355 1844 441 1907 pedem
452 1845 550 1906 vinclis,
562 1845 589 1894 in
600 1853 666 1896 veste
678 1846 794 1906 recincta,

142 1955 144 1959 ·
176 1935 291 1983 restsur
301 1933 422 1992 moritum
432 1933 501 1995 deos,
512 1941 538 1984 et
547 1935 645 1984 conscia
656 1935 700 1984 fati

178 2023 280 2087 Sidera3
297 2032 362 2085 turn,
374 2025 396 2074 si
407 2025 473 2086 quod
483 2040 534 2074 non
545 2041 615 2088 equo
627 2025 718 2075 loedere
728 2027 833 2076 amantis

178 2113 249 2178 Cprae
261 2128 351 2162 numen
364 2114 438 2163 habet
445 2116 587 2177 justumque
599 2129 752 2180 memorque,
764 2121 886 2180 precatu.

210 2206 269 2253 Nox
279 2213 342 2265 erat,
354 2212 380 2254 et
389 2205 512 2269 placidum
523 2207 654 2268 carpebant
664 2207 729 2255 iessa
741 2221 854 2270 soporem

180 2295 290 2357 Corpora
298 2309 342 2357 per
353 2302 442 2354 terras,
454 2293 568 2356 silvaeque
579 2303 605 2344 et
616 2309 679 2344 saeva
690 2296 803 2357 quierant

179 2385 303 2447 AEquora:
321 2400 397 2447 quum
406 2385 487 2434 medio
497 2386 630 2433 volvuntur
642 2383 722 2433 sidera
732 2385 812 2447 lapsu,

179 2474 262 2528 Quum
272 2480 335 2522 tacet
344 2473 426 2522 omnis
437 2472 504 2533 ager,
515 2473 631 2536 pecudes,
643 2471 762 2535 pictaeque
772 2474 893 2534 volucres,

179 2563 288 2624 Quaeque
299 2563 367 2610 lacus
378 2563 427 2610 late
437 2562 554 2624 liquidos,
566 2575 671 2624 quaeque
682 2575 767 2625 aspera
777 2561 858 2611 dumis

179 2653 246 2701 Rura
256 2658 351 2711 tenent,
363 2665 451 2699 somno
462 2651 547 2713 positae
558 2652 604 2699 sub
617 2657 688 2699 nocte
697 2650 788 2699 silenti.

180 2741 197 2772 ⁸
208 2741 330 2790 Lenibant
340 2737 421 2800 curas,
432 2749 458 2789 et
467 2740 542 2788 corda
551 2739 629 2790 oblita
639 2741 779 2791 laborum*
858 2725 863 2732 ’

179 2832 215 2881 At
225 2818 280 2880 non'
288 2831 376 2880 infelix
387 2831 463 2880 animi
475 2831 613 2891 Phoenissa,
624 2845 703 2894 neque
714 2845 829 2894 umquam

91 2983 95 2989 Ι
180 2920 289 2970 Solvitur
300 2921 326 2969 in
338 2935 449 2982 somnos,
459 2921 567 2970 oculisve
577 2929 620 2970 aut
630 2929 727 2984 pectore
740 2929 838 2970 noctem

180 3009 293 3074 Adcipit:
312 3011 556 3074 ingeminantcurae3
572 3024 705 3072 rursusque
714 3023 844 3071 resurgens

182 3095 257 3144 Saevit
268 3086 349 3155 amor,⁸
360 3109 496 3158 magnoque
507 3096 600 3146 irarum
611 3096 713 3144 fluctuat
724 3101 793 3143 aestu.

182 3184 223 3234 Sic
235 3184 296 3235 adeo
307 3183 409 3247 insistit,
420 3199 551 3248 secumque
558 3185 593 3234 ita
603 3184 676 3234 corde
686 3184 792 3232 volutat:
