2334 3734
198 522 246 570 274
417 519 444 566 Ρ.
460 511 597 567 VlRGlLll
615 514 767 566 Mauortis

199 649 247 698 Cui
257 656 334 707 vates,
345 647 446 696 horrere
455 646 539 696 videns
546 648 598 706 jmn
609 646 674 694 oolla
682 644 799 705 oolubris,

200 737 276 784 Melle
287 743 424 799 soporatum
436 744 461 784 et
472 734 596 787 medicatis
609 733 717 795 frugibus
728 735 801 782 offam

202 823 300 885 Objicit.
335 824 380 871 llle
391 809 455 872 lame
465 823 548 872 rabida
556 823 604 881 tria
613 829 710 884 guttura
720 819 827 882 pandens

202 912 314 978 conripit
324 912 453 971 objectam,
465 916 537 970 atque
547 907 655 956 inmunia
666 915 733 968 terga
743 907 843 956 resolvit

201 1003 280 1050 Fusus
290 1000 369 1060 humi,
380 1006 480 1059 totoque
492 997 576 1058 ingens
588 995 727 1045 extenditur
739 1002 818 1046 antro.

203 1091 311 1152 Oocnpat
322 1090 411 1138 AEueas
421 1087 513 1135 aditum
524 1085 624 1135 custode
634 1087 739 1148 sepulto,

203 1178 336 1239 Evaditque
347 1178 411 1225 celer
422 1176 499 1238 ripam
510 1175 674 1224 inremeabilis
686 1176 766 1225 undae.

237 1263 360 1316 Continuo
371 1265 459 1313 audite
471 1278 550 1323 voees,
561 1265 654 1325 vagitus
665 1273 691 1313 et
701 1265 797 1326 ingens,

204 1354 377 1435 infantumque
387 1353 473 1401 animm
485 1353 581 1413 flentes,
594 1354 619 1401 in
631 1352 715 1402 limine
726 1354 818 1416 primo:

133 1480 135 1485 -
205 1444 273 1496 Quos
284 1442 361 1490 dulcis
372 1442 426 1490 rite
437 1443 552 1501 extortis,
560 1449 585 1489 et
598 1442 628 1489 ab
639 1443 713 1490 ubere
725 1449 816 1504 ruptos,

204 1531 314 1579 Abstulit
323 1539 376 1579 atra
387 1530 448 1590 dies,
459 1537 485 1578 et
495 1531 581 1578 funere
592 1530 677 1578 mersit
687 1531 782 1578 acerbo.

206 1621 258 1674 Hos
267 1621 339 1680 Juxta
350 1619 412 1666 falso
424 1618 531 1666 damnati
541 1618 642 1666 crimine
653 1617 747 1666 mortis.

206 1709 258 1755 Nec
268 1720 326 1754 vero
336 1706 377 1754 lrae
388 1706 440 1754 siue
451 1713 516 1754 sorte
527 1705 599 1766 datur,
612 1706 664 1754 sine
672 1705 764 1766 iudice,
776 1705 853 1754 sudes.

127 1794 131 1803 '
206 1794 329 1848 Quaesiwr
340 1794 423 1842 Minos
432 1808 520 1841 urnam
532 1801 629 1856 movet;
647 1794 690 1842 ille
700 1795 816 1843 silentum
828 1859 830 1866 y

209 1882 394 1943 conciliumque
405 1889 483 1941 voest,
496 1881 604 1942 vitasque
615 1889 641 1928 et
651 1883 754 1930 crimina
765 1882 844 1932 discit.

208 1968 324 2018 Proxima
335 1968 421 2016 deinde
432 1975 516 2016 tenent
527 1967 607 2015 moesti
617 1969 682 2028 locu,
694 1967 736 2030 qui
747 1969 792 2016 sibi
803 1970 880 2018 letum

209 2059 320 2106 lusontes
331 2070 446 2120 peperere
457 2070 541 2116 manu,
553 2057 680 2119 lucemque
690 2057 771 2120 perosi

141 2137 145 2140 ⁴
210 2148 336 2207 Projeeere
347 2146 458 2209 animas,
477 2148 556 2200 Quam
566 2147 656 2195 vellent
668 2141 757 2196 aethere
768 2147 793 2195 in
804 2148 854 2196 alto

210 2237 282 2285 Nunc
292 2241 318 2283 et
327 2235 466 2298 pauperiem
477 2244 502 2284 et
512 2236 586 2284 duros
598 2237 704 2299 perferre
715 2234 810 2284 labores
821 2238 827 2284 Ε

211 2325 256 2374 Fas
267 2326 357 2385 obstat,
368 2325 480 2387 tristique
491 2326 560 2388 palus
571 2325 708 2374 inamabilis
720 2324 785 2373 unda

210 2415 318 2477 Adligat,
330 2423 355 2464 et
366 2417 448 2465 novies
459 2418 518 2480 Styx
530 2418 649 2466 interfusa
658 2425 759 2466 coeroet.

212 2505 263 2553 Nec
273 2507 358 2567 procul
369 2506 427 2554 binc
438 2514 532 2567 partem
544 2507 591 2555 fusi
603 2515 769 2556 monstrantur
780 2507 805 2554 in
816 2521 914 2556 omnem

212 2592 331 2652 Lugentes
342 2593 433 2654 oempi:
450 2593 485 2641 sic
496 2594 552 2642 illos
563 2595 662 2642 nomine
674 2595 765 2643 dieunt.

211 2677 267 2738 llic,
279 2693 339 2740 quos
351 2678 425 2726 durus
436 2693 505 2727 amor
515 2681 608 2729 crudeli
619 2683 673 2729 tabe
684 2681 787 2743 peredit,

209 2765 300 2813 Secreti
311 2768 392 2815 celant
401 2768 485 2827 calles,
496 2775 522 2816 et
533 2776 625 2831 myrtea
636 2769 728 2818 circum
825 2757 829 2764 ¹

167 2885 176 2902 .
209 2852 275 2902 Silva
284 2852 360 2916 tegit,
377 2869 441 2902 cure
453 2869 503 2903 nou
514 2856 566 2919 ipsa
576 2856 603 2905 in
614 2866 693 2906 morte
704 2859 852 2922 relinquunt.

36 2965 40 2972 -
114 2944 116 2949 '
208 2941 254 2989 His
266 2943 393 2991 Phoedrum
407 2945 958 3014 Proerinquelocis,maestumqueEriplryleu,

209 3031 321 3080 Crudelis
333 3032 384 3081 nati
395 3042 572 3084 monstrantem
583 3038 685 3086 volnera
694 3039 783 3100 cernit,

205 3119 377 3182 Evadnenque,
388 3129 413 3172 et
423 3123 574 3188 Pasiphsen5
592 3125 630 3175 his
646 3127 775 3176 Laodamia
