2334 3734
193 550 199 560 '
236 553 268 600 58
459 550 487 600 P.
504 548 643 599 VIRGlLll
660 546 814 597 nasonis

237 681 254 710 θ
261 679 462 742 Miscueruntque
469 678 558 728 herbas
568 684 595 728 et
604 690 656 726 non
668 675 772 725 innoxia
780 655 892 735 verbus

219 775 222 786 '
235 768 365 818 Aimilium
374 768 451 829 venit,
463 781 491 817 ac
502 767 620 817 membris
630 765 681 827 agit
691 772 746 814 atra
755 778 857 814 nnana.

238 859 292 922 Ipsa
303 857 388 919 ingens
399 859 470 906 arbos
482 856 618 918 faciemque
627 854 756 904 simillima
766 855 854 917 laur03

237 948 280 1008 Et,
291 947 311 996 si
324 961 375 996 non
386 946 463 996 alisnn
473 947 523 996 late
530 947 635 1007 jactaret
643 944 757 1004 odolen

237 1037 331 1086 Laurus
342 1044 409 1086 erut:
426 1032 856 1095 foliabaudullislabeubaventis3

237 1125 295 1174 Flos
307 1125 338 1174 ad
349 1124 429 1187 prims
435 1132 524 1174 tenaxz
542 1123 637 1173 animas
648 1130 674 1172 et
683 1122 778 1173 olent'n
788 1121 856 1170 Medi

238 1213 291 1262 Ora
298 1214 381 1263 iovem
390 1214 448 1274 illo,
458 1221 485 1263 et
496 1213 595 1263 senibsu
607 1213 760 1264 medleanmr
770 1211 875 1262 anbelis.

241 1361 244 1372 Ι
270 1302 318 1352 Sed
328 1317 407 1365 neque
417 1302 560 1363 Medorum,
572 1302 640 1352 silve
651 1302 781 1364 ditissima,
791 1309 868 1362 terra,

236 1392 288 1442 Nec
299 1394 382 1456 pulser
393 1393 500 1454 Ganges,
512 1400 586 1455 atque
595 1407 656 1442 anro
666 1392 779 1442 turbidus
791 1393 909 1449 umus,

236 1481 358 1531 Laudibus
369 1481 446 1532 ltalia
456 1489 551 1532 certent
559 1502 567 1545 3
585 1497 637 1532 non
647 1484 746 1543 Baetra,
757 1496 835 1544 neque
847 1481 913 1542 ludi,

234 1572 346 1633 Totaque
357 1570 465 1621 burifeds
477 1570 601 1621 Panchaia
610 1570 707 1635 pinguis
718 1571 807 1620 arania

236 1659 295 1708 Haec
306 1660 361 1708 loca
372 1673 423 1708 non
434 1659 500 1709 tauri
511 1659 631 1723 spirantes
641 1660 742 1710 naribus
752 1660 834 1722 iguem

236 1749 370 1811 invertere,
382 1750 441 1799 satis
452 1750 559 1800 inmanis
570 1749 685 1800 dentibus
695 1749 784 1814 byd1i3

237 1839 288 1888 Nec
298 1837 372 1899 galeis
384 1838 514 1901 densisque
523 1839 604 1888 virum
616 1853 683 1900 seges
693 1838 793 1888 horruit
801 1837 891 1889 hastis:

236 1927 285 1977 Sed
295 1927 399 1990 gravida
410 1929 492 1991 finges
502 1937 528 1978 et
538 1929 629 1978 Baeebi
640 1928 761 1978 Massicus
771 1929 860 1978 humor

239 2016 383 2080 lnplesere3
401 2025 486 2068 tenent
495 2019 558 2067 oleoe
570 2026 728 2080 armentaque
737 2019 802 2067 lata

238 2105 303 2155 ilinc
314 2107 419 2158 bellator
430 2123 507 2171 equus
518 2122 606 2171 campo
617 2121 670 2157 sese
681 2107 771 2158 arduus
782 2107 873 2171 iniert3

240 2194 303 2244 Hinc
314 2195 375 2257 albi,
387 2197 523 2258 Clitumna,
535 2211 630 2259 greges,
641 2205 667 2246 et
676 2209 793 2246 maxuma
802 2204 888 2246 taurus

236 2283 351 2348 metina,
363 2300 426 2350 saepe
436 2295 479 2336 tuo
490 2287 582 2350 perfusi
593 2285 696 2336 flumine
706 2301 788 2347 samo,

237 2375 361 2424 Romanos
372 2375 403 2424 ad
413 2376 505 2439 templa
515 2375 591 2424 deum
600 2375 695 2424 duxere
703 2375 852 2439 triumphos.

238 2463 285 2514 Hic
297 2479 338 2514 ver
349 2465 487 2526 adsiduum,
498 2473 571 2530 utque
582 2465 670 2515 alienis
681 2465 806 2515 mensibus
815 2473 904 2527 usim

236 2553 280 2601 Bis
291 2553 394 2615 gravidae
405 2535 519 2617 necudes,
531 2554 569 2604 bis
579 2554 660 2618 pomis
671 2545 741 2604 utilis
751 2557 833 2604 arbor.

237 2643 271 2689 At
282 2641 372 2691 rubidoe
383 2637 456 2704 tigres
464 2644 562 2703 absunt,
570 2651 596 2692 et
605 2657 670 2692 susa
680 2645 782 2694 launum

239 2730 353 2794 Semina3
371 2745 415 2781 uec
427 2731 530 2782 miseros
542 2733 634 2782 fallunt
643 2735 741 2784 aconita
750 2735 870 2797 legentis3

239 2823 290 2871 Nec
301 2821 365 2885 rapit
375 2821 500 2872 inmensos
511 2824 579 2873 orbis
590 2825 757 2888 barbanum,
769 2839 849 2887 nsque
858 2832 927 2874 tento

238 2911 371 2973 Squameus
382 2911 408 2961 in
419 2913 510 2977 spinam
519 2921 600 2963 tractu
611 2928 638 2964 se
647 2914 750 2977 conligit
759 2914 854 2976 anguis.

239 2999 309 3050 Adde
319 3009 357 3050 tot
367 3003 473 3064 egregias
485 3004 563 3064 urbis,
575 3017 725 3067 operumque
735 3005 856 3066 laborem,

237 3091 287 3138 'l'ot
297 3099 411 3152 congesta
421 3105 496 3141 manu
506 3092 638 3156 prenuntia
649 3093 739 3156 oppida
748 3094 827 3154 saxis,

238 3178 397 3243 Fluminaque
408 3181 520 3243 antiquos
531 3181 722 3232 subterlabentia
737 3197 830 3232 muros.
