<?xml version="1.0" encoding="UTF-8"?>
<!DOCTYPE html PUBLIC "-//W3C//DTD XHTML 1.0 Transitional//EN"
    "http://www.w3.org/TR/xhtml1/DTD/xhtml1-transitional.dtd">
<html xmlns="http://www.w3.org/1999/xhtml" xml:lang="en" lang="en">
 <head>
  <title>
</title>
<meta http-equiv="Content-Type" content="text/html;charset=utf-8" />
  <meta name='ocr-system' content='tesseract 3.04.00' />
  <meta name='ocr-capabilities' content='ocr_page ocr_carea ocr_par ocr_line ocrx_word'/>
</head>
<body>
  <div class='ocr_page' id='page_1' title='image "./publiivirgiliim00heyngoog/publiivirgiliim00heyngoog_0343.png"; bbox 0 0 2334 3734; ppageno 0'>
   <div class='ocr_carea' id='block_1_1' title="bbox 418 510 972 565">
    <p class='ocr_par' dir='ltr' id='par_1_1' title="bbox 418 510 972 565">
     <span class='ocr_line' id='line_1_1' title="bbox 418 510 972 565; baseline 0 -2"><span class='ocrx_word' id='word_1_1' title='bbox 418 510 574 564; x_wconf 67' lang='lat' dir='ltr'><strong>munibus</strong></span> <span class='ocrx_word' id='word_1_2' title='bbox 592 516 656 565; x_wconf 78' lang='lat' dir='ltr'><strong>LlB:</strong></span> <span class='ocrx_word' id='word_1_3' title='bbox 670 517 737 565; x_wconf 88' lang='lat' dir='ltr'><strong>vlll.</strong></span> <span class='ocrx_word' id='word_1_4' title='bbox 906 514 911 521; x_wconf 81' lang='grc'><strong>”</strong></span> <span class='ocrx_word' id='word_1_5' title='bbox 926 518 972 565; x_wconf 82' lang='lat'><strong>331</strong></span> 
     </span>
    </p>
   </div>
   <div class='ocr_carea' id='block_1_2' title="bbox 120 638 867 1495">
    <p class='ocr_par' dir='ltr' id='par_1_2' title="bbox 178 638 816 707">
     <span class='ocr_line' id='line_1_2' title="bbox 178 638 816 707; baseline 0.008 -19"><span class='ocrx_word' id='word_1_6' title='bbox 178 638 273 701; x_wconf 74' lang='lat' dir='ltr'><strong>cingite</strong></span> <span class='ocrx_word' id='word_1_7' title='bbox 280 640 367 689; x_wconf 78' lang='lat' dir='ltr'><strong>icontie</strong></span> <span class='ocrx_word' id='word_1_8' title='bbox 376 654 468 704; x_wconf 81' lang='lat' dir='ltr'><strong>comus,</strong></span> <span class='ocrx_word' id='word_1_9' title='bbox 479 650 505 690; x_wconf 92' lang='lat' dir='ltr'><strong>et</strong></span> <span class='ocrx_word' id='word_1_10' title='bbox 514 644 602 705; x_wconf 76' lang='lat' dir='ltr'><strong>pocula</strong></span> <span class='ocrx_word' id='word_1_11' title='bbox 611 644 705 707; x_wconf 73' lang='lat' dir='ltr'><strong>porgite</strong></span> <span class='ocrx_word' id='word_1_12' title='bbox 714 644 816 704; x_wconf 80' lang='lat' dir='ltr'>dextris,</span> 
     </span>
    </p>

    <p class='ocr_par' dir='ltr' id='par_1_3' title="bbox 178 727 867 791">
     <span class='ocr_line' id='line_1_3' title="bbox 178 727 867 791; baseline 0.01 -16"><span class='ocrx_word' id='word_1_13' title='bbox 178 727 387 790; x_wconf 88' lang='lat' dir='ltr'><strong>communemque</strong></span> <span class='ocrx_word' id='word_1_14' title='bbox 397 739 481 779; x_wconf 81' lang='lat' dir='ltr'><strong>roctte</strong></span> <span class='ocrx_word' id='word_1_15' title='bbox 490 730 573 791; x_wconf 82' lang='lat' dir='ltr'><strong>(lenm,</strong></span> <span class='ocrx_word' id='word_1_16' title='bbox 584 738 610 779; x_wconf 83' lang='lat' dir='ltr'><strong>et</strong></span> <span class='ocrx_word' id='word_1_17' title='bbox 620 731 675 782; x_wconf 80' lang='lat' dir='ltr'><strong>dete</strong></span> <span class='ocrx_word' id='word_1_18' title='bbox 686 732 742 781; x_wconf 80' lang='lat' dir='ltr'><strong>rint</strong></span> <span class='ocrx_word' id='word_1_19' title='bbox 750 734 867 782; x_wconf 77' lang='lat' dir='ltr'><strong>volentes.</strong></span> 
     </span>
    </p>

    <p class='ocr_par' dir='ltr' id='par_1_4' title="bbox 177 816 828 884">
     <span class='ocr_line' id='line_1_4' title="bbox 177 816 828 884; baseline 0.014 -21"><span class='ocrx_word' id='word_1_20' title='bbox 177 816 291 877; x_wconf 64' lang='lat' dir='ltr'><strong>Dixerat:</strong></span> <span class='ocrx_word' id='word_1_21' title='bbox 310 818 430 866; x_wconf 83' lang='lat' dir='ltr'><strong>Herculeo</strong></span> <span class='ocrx_word' id='word_1_22' title='bbox 439 819 532 867; x_wconf 85' lang='lat' dir='ltr'><strong>bicolor</strong></span> <span class='ocrx_word' id='word_1_23' title='bbox 542 834 617 882; x_wconf 89' lang='lat' dir='ltr'><strong>quum</strong></span> <span class='ocrx_word' id='word_1_24' title='bbox 628 822 731 884; x_wconf 85' lang='lat' dir='ltr'><strong>populus</strong></span> <span class='ocrx_word' id='word_1_25' title='bbox 741 824 828 873; x_wconf 78' lang='lat' dir='ltr'><strong>umbra</strong></span> 
     </span>
    </p>

    <p class='ocr_par' dir='ltr' id='par_1_5' title="bbox 176 904 778 973">
     <span class='ocr_line' id='line_1_5' title="bbox 176 904 778 973; baseline 0.012 -21"><span class='ocrx_word' id='word_1_26' title='bbox 176 904 317 967; x_wconf 78' lang='lat' dir='ltr'><strong>velavitque</strong></span> <span class='ocrx_word' id='word_1_27' title='bbox 327 920 418 968; x_wconf 82' lang='lat' dir='ltr'><strong>comus,</strong></span> <span class='ocrx_word' id='word_1_28' title='bbox 425 908 538 971; x_wconf 81' lang='lat' dir='ltr'><strong>foliisque</strong></span> <span class='ocrx_word' id='word_1_29' title='bbox 548 910 639 959; x_wconf 84' lang='lat' dir='ltr'><strong>innexu</strong></span> <span class='ocrx_word' id='word_1_30' title='bbox 649 911 778 973; x_wconf 87' lang='lat' dir='ltr'><strong>pependit;</strong></span> 
     </span>
    </p>

    <p class='ocr_par' dir='ltr' id='par_1_6' title="bbox 175 992 842 1060">
     <span class='ocr_line' id='line_1_6' title="bbox 175 992 842 1060; baseline 0.012 -21"><span class='ocrx_word' id='word_1_31' title='bbox 175 992 207 1040; x_wconf 89' lang='lat' dir='ltr'><strong>Et</strong></span> <span class='ocrx_word' id='word_1_32' title='bbox 217 1005 285 1041; x_wconf 78' lang='lat' dir='ltr'><strong>secer</strong></span> <span class='ocrx_word' id='word_1_33' title='bbox 295 993 395 1056; x_wconf 76' lang='lat' dir='ltr'><strong>inplevit</strong></span> <span class='ocrx_word' id='word_1_34' title='bbox 406 996 515 1045; x_wconf 83' lang='lat' dir='ltr'><strong>dextrum</strong></span> <span class='ocrx_word' id='word_1_35' title='bbox 528 997 637 1060; x_wconf 75' lang='lat' dir='ltr'>scyphus.</span> <span class='ocrx_word' id='word_1_36' title='bbox 672 998 746 1047; x_wconf 78' lang='lat' dir='ltr'><strong>Ocius</strong></span> <span class='ocrx_word' id='word_1_37' title='bbox 757 1012 842 1053; x_wconf 85' lang='lat' dir='ltr'><strong>ornnes</strong></span> 
     </span>
    </p>

    <p class='ocr_par' dir='ltr' id='par_1_7' title="bbox 176 1080 789 1235">
     <span class='ocr_line' id='line_1_7' title="bbox 176 1080 759 1147; baseline 0.014 -21"><span class='ocrx_word' id='word_1_38' title='bbox 176 1080 204 1127; x_wconf 93' lang='lat' dir='ltr'><strong>ln</strong></span> <span class='ocrx_word' id='word_1_39' title='bbox 215 1094 323 1129; x_wconf 82' lang='lat' dir='ltr'><strong>mensem</strong></span> <span class='ocrx_word' id='word_1_40' title='bbox 335 1083 386 1131; x_wconf 79' lang='lat' dir='ltr'><strong>lteti</strong></span> <span class='ocrx_word' id='word_1_41' title='bbox 397 1083 485 1143; x_wconf 77' lang='lat' dir='ltr'><strong>libent,</strong></span> <span class='ocrx_word' id='word_1_42' title='bbox 496 1084 611 1146; x_wconf 85' lang='lat' dir='ltr'><strong>divosque</strong></span> <span class='ocrx_word' id='word_1_43' title='bbox 621 1094 759 1147; x_wconf 77' lang='lat' dir='ltr'><strong>precantur.</strong></span> 
     </span>
     <span class='ocr_line' id='line_1_8' title="bbox 207 1168 789 1235; baseline 0.012 -20"><span class='ocrx_word' id='word_1_44' title='bbox 207 1169 306 1216; x_wconf 83' lang='lat' dir='ltr'><strong>Devexo</strong></span> <span class='ocrx_word' id='word_1_45' title='bbox 317 1168 409 1217; x_wconf 80' lang='lat' dir='ltr'><strong>intereo</strong></span> <span class='ocrx_word' id='word_1_46' title='bbox 417 1171 518 1232; x_wconf 78' lang='lat' dir='ltr'><strong>propior</strong></span> <span class='ocrx_word' id='word_1_47' title='bbox 528 1172 557 1220; x_wconf 88' lang='lat' dir='ltr'><strong>tit</strong></span> <span class='ocrx_word' id='word_1_48' title='bbox 567 1174 657 1234; x_wconf 88' lang='lat' dir='ltr'><strong>Vesper</strong></span> <span class='ocrx_word' id='word_1_49' title='bbox 670 1174 789 1235; x_wconf 85' lang='lat' dir='ltr'><strong>Olympo:</strong></span> 
     </span>
    </p>

    <p class='ocr_par' dir='ltr' id='par_1_8' title="bbox 174 1256 782 1319">
     <span class='ocr_line' id='line_1_9' title="bbox 174 1256 782 1319; baseline 0.008 -16"><span class='ocrx_word' id='word_1_50' title='bbox 174 1256 278 1316; x_wconf 73' lang='lat' dir='ltr'><strong>lemque</strong></span> <span class='ocrx_word' id='word_1_51' title='bbox 289 1256 424 1305; x_wconf 79' lang='lat' dir='ltr'><strong>secerdotes</strong></span> <span class='ocrx_word' id='word_1_52' title='bbox 435 1258 576 1319; x_wconf 85' lang='lat' dir='ltr'><strong>primusque</strong></span> <span class='ocrx_word' id='word_1_53' title='bbox 590 1259 692 1308; x_wconf 78' lang='lat' dir='ltr'><strong>Potitius</strong></span> <span class='ocrx_word' id='word_1_54' title='bbox 704 1261 782 1319; x_wconf 80' lang='lat' dir='ltr'><strong>ibunt,</strong></span> 
     </span>
    </p>

    <p class='ocr_par' dir='ltr' id='par_1_9' title="bbox 120 1332 812 1408">
     <span class='ocr_line' id='line_1_10' title="bbox 120 1332 812 1408; baseline 0.013 -20"><span class='ocrx_word' id='word_1_55' title='bbox 120 1347 125 1355; x_wconf 89' lang='lat'>&#39;</span> <span class='ocrx_word' id='word_1_56' title='bbox 174 1332 282 1391; x_wconf 82' lang='lat' dir='ltr'><strong>Pellibus</strong></span> <span class='ocrx_word' id='word_1_57' title='bbox 292 1342 319 1390; x_wconf 92' lang='lat' dir='ltr'><strong>in</strong></span> <span class='ocrx_word' id='word_1_58' title='bbox 329 1357 423 1392; x_wconf 89' lang='lat' dir='ltr'><strong>morem</strong></span> <span class='ocrx_word' id='word_1_59' title='bbox 433 1344 517 1405; x_wconf 83' lang='lat' dir='ltr'><strong>cincti,</strong></span> <span class='ocrx_word' id='word_1_60' title='bbox 528 1344 686 1408; x_wconf 77' lang='lat' dir='ltr'><strong>flammasque</strong></span> <span class='ocrx_word' id='word_1_61' title='bbox 695 1347 812 1397; x_wconf 73' lang='lat' dir='ltr'><strong>ferebant.</strong></span> 
     </span>
    </p>

    <p class='ocr_par' dir='ltr' id='par_1_10' title="bbox 175 1430 777 1495">
     <span class='ocr_line' id='line_1_11' title="bbox 175 1430 777 1495; baseline 0.008 -17"><span class='ocrx_word' id='word_1_62' title='bbox 175 1430 191 1459; x_wconf 77' lang='lat'>⁸</span> <span class='ocrx_word' id='word_1_63' title='bbox 202 1432 341 1479; x_wconf 68' lang='lat' dir='ltr'><strong>instaurent</strong></span> <span class='ocrx_word' id='word_1_64' title='bbox 350 1434 443 1495; x_wconf 75' lang='lat' dir='ltr'><strong>epulus,</strong></span> <span class='ocrx_word' id='word_1_65' title='bbox 454 1442 479 1483; x_wconf 88' lang='lat' dir='ltr'><strong>et</strong></span> <span class='ocrx_word' id='word_1_66' title='bbox 489 1449 578 1483; x_wconf 77' lang='lat' dir='ltr'><strong>meusae</strong></span> <span class='ocrx_word' id='word_1_67' title='bbox 589 1443 657 1495; x_wconf 73' lang='lat' dir='ltr'><strong>prete</strong></span> <span class='ocrx_word' id='word_1_68' title='bbox 667 1435 777 1483; x_wconf 85' lang='lat' dir='ltr'><strong>secundte</strong></span> 
     </span>
    </p>
   </div>
   <div class='ocr_carea' id='block_1_3' title="bbox 169 1520 894 1850">
    <p class='ocr_par' dir='ltr' id='par_1_11' title="bbox 169 1520 861 1761">
     <span class='ocr_line' id='line_1_12' title="bbox 174 1520 861 1583; baseline 0.003 -14"><span class='ocrx_word' id='word_1_69' title='bbox 174 1520 190 1549; x_wconf 78' lang='lat'>⁸</span> <span class='ocrx_word' id='word_1_70' title='bbox 199 1521 269 1569; x_wconf 77' lang='lat' dir='ltr'><strong>Dona</strong></span> <span class='ocrx_word' id='word_1_71' title='bbox 278 1522 371 1582; x_wconf 81' lang='lat' dir='ltr'><strong>ferunt,</strong></span> <span class='ocrx_word' id='word_1_72' title='bbox 380 1523 554 1583; x_wconf 73' lang='lat' dir='ltr'><strong>cumulantque</strong></span> <span class='ocrx_word' id='word_1_73' title='bbox 564 1522 671 1571; x_wconf 81' lang='lat' dir='ltr'><strong>oneratis</strong></span> <span class='ocrx_word' id='word_1_74' title='bbox 682 1522 861 1571; x_wconf 79' lang='lat' dir='ltr'><strong>lancibusuras.</strong></span> 
     </span>
     <span class='ocr_line' id='line_1_13' title="bbox 169 1608 772 1670; baseline 0.005 -15"><span class='ocrx_word' id='word_1_75' title='bbox 169 1608 236 1655; x_wconf 73' lang='lat' dir='ltr'><strong>Tum</strong></span> <span class='ocrx_word' id='word_1_76' title='bbox 247 1608 308 1657; x_wconf 79' lang='lat' dir='ltr'><strong>suit</strong></span> <span class='ocrx_word' id='word_1_77' title='bbox 318 1610 349 1657; x_wconf 81' lang='lat' dir='ltr'><strong>ud</strong></span> <span class='ocrx_word' id='word_1_78' title='bbox 359 1617 454 1668; x_wconf 73' lang='lat' dir='ltr'><strong>oenms,</strong></span> <span class='ocrx_word' id='word_1_79' title='bbox 465 1609 564 1658; x_wconf 81' lang='lat' dir='ltr'><strong>incensu</strong></span> <span class='ocrx_word' id='word_1_80' title='bbox 573 1610 661 1658; x_wconf 78' lang='lat' dir='ltr'><strong>alteria</strong></span> <span class='ocrx_word' id='word_1_81' title='bbox 670 1609 772 1670; x_wconf 89' lang='lat' dir='ltr'><strong>circum,</strong></span> 
     </span>
     <span class='ocr_line' id='line_1_14' title="bbox 172 1695 759 1761; baseline 0.009 -18"><span class='ocrx_word' id='word_1_82' title='bbox 172 1695 285 1759; x_wconf 84' lang='lat' dir='ltr'><strong>Populeis</strong></span> <span class='ocrx_word' id='word_1_83' title='bbox 296 1696 384 1745; x_wconf 82' lang='lat' dir='ltr'><strong>adsunt</strong></span> <span class='ocrx_word' id='word_1_84' title='bbox 393 1696 481 1747; x_wconf 80' lang='lat' dir='ltr'><strong>evincti</strong></span> <span class='ocrx_word' id='word_1_85' title='bbox 491 1706 602 1761; x_wconf 82' lang='lat' dir='ltr'><strong>tempora</strong></span> <span class='ocrx_word' id='word_1_86' title='bbox 612 1698 702 1761; x_wconf 81' lang='lat' dir='ltr'><strong>rumis3</strong></span> <span class='ocrx_word' id='word_1_87' title='bbox 756 1706 759 1711; x_wconf 74' lang='grc'>“</span> 
     </span>
    </p>

    <p class='ocr_par' dir='ltr' id='par_1_12' title="bbox 173 1782 894 1850">
     <span class='ocr_line' id='line_1_15' title="bbox 173 1782 894 1850; baseline 0.004 -19"><span class='ocrx_word' id='word_1_88' title='bbox 173 1782 219 1831; x_wconf 86' lang='lat' dir='ltr'><strong>llic</strong></span> <span class='ocrx_word' id='word_1_89' title='bbox 225 1785 344 1844; x_wconf 77' lang='lat' dir='ltr'><strong>juvenum</strong></span> <span class='ocrx_word' id='word_1_90' title='bbox 354 1786 455 1846; x_wconf 88' lang='lat' dir='ltr'><strong>cborus,</strong></span> <span class='ocrx_word' id='word_1_91' title='bbox 466 1786 508 1835; x_wconf 90' lang='lat' dir='ltr'><strong>ille</strong></span> <span class='ocrx_word' id='word_1_92' title='bbox 519 1801 605 1836; x_wconf 86' lang='lat' dir='ltr'><strong>senum</strong></span> <span class='ocrx_word' id='word_1_93' title='bbox 616 1808 624 1850; x_wconf 89' lang='lat'>;</span> <span class='ocrx_word' id='word_1_94' title='bbox 641 1788 683 1850; x_wconf 89' lang='lat' dir='ltr'><strong>qui</strong></span> <span class='ocrx_word' id='word_1_95' title='bbox 693 1788 801 1836; x_wconf 81' lang='lat' dir='ltr'><strong>carmine</strong></span> <span class='ocrx_word' id='word_1_96' title='bbox 811 1786 894 1836; x_wconf 76' lang='lat' dir='ltr'><strong>laudes</strong></span> 
     </span>
    </p>
   </div>
   <div class='ocr_carea' id='block_1_4' title="bbox 143 1870 871 3173">
    <p class='ocr_par' dir='ltr' id='par_1_13' title="bbox 170 1870 871 2548">
     <span class='ocr_line' id='line_1_16' title="bbox 172 1870 775 1939; baseline 0.008 -19"><span class='ocrx_word' id='word_1_97' title='bbox 172 1872 303 1921; x_wconf 82' lang='lat' dir='ltr'><strong>Herculeus</strong></span> <span class='ocrx_word' id='word_1_98' title='bbox 314 1881 339 1922; x_wconf 89' lang='lat' dir='ltr'><strong>et</strong></span> <span class='ocrx_word' id='word_1_99' title='bbox 350 1874 413 1923; x_wconf 67' lang='lat' dir='ltr'><strong>lucu</strong></span> <span class='ocrx_word' id='word_1_100' title='bbox 423 1874 519 1923; x_wconf 79' lang='lat' dir='ltr'><strong>lerunt:</strong></span> <span class='ocrx_word' id='word_1_101' title='bbox 536 1884 565 1925; x_wconf 85' lang='lat' dir='ltr'><strong>ut</strong></span> <span class='ocrx_word' id='word_1_102' title='bbox 576 1870 655 1939; x_wconf 82' lang='lat' dir='ltr'><strong>prima</strong></span> <span class='ocrx_word' id='word_1_103' title='bbox 666 1890 775 1925; x_wconf 78' lang='lat' dir='ltr'><strong>novercae</strong></span> 
     </span>
     <span class='ocr_line' id='line_1_17' title="bbox 171 1961 871 2026; baseline 0.004 -18"><span class='ocrx_word' id='word_1_104' title='bbox 171 1961 284 2009; x_wconf 80' lang='lat' dir='ltr'><strong>Monstro</strong></span> <span class='ocrx_word' id='word_1_105' title='bbox 294 1974 368 2010; x_wconf 78' lang='lat' dir='ltr'><strong>manu</strong></span> <span class='ocrx_word' id='word_1_106' title='bbox 378 1962 534 2025; x_wconf 77' lang='lat' dir='ltr'><strong>geminosque</strong></span> <span class='ocrx_word' id='word_1_107' title='bbox 544 1979 656 2026; x_wconf 81' lang='lat' dir='ltr'><strong>premens</strong></span> <span class='ocrx_word' id='word_1_108' title='bbox 666 1964 760 2015; x_wconf 77' lang='lat' dir='ltr'><strong>eliserit</strong></span> <span class='ocrx_word' id='word_1_109' title='bbox 770 1963 853 2025; x_wconf 74' lang='lat' dir='ltr'><strong>auguris</strong></span> <span class='ocrx_word' id='word_1_110' title='bbox 863 1981 871 2024; x_wconf 88' lang='lat'>;</span> 
     </span>
     <span class='ocr_line' id='line_1_18' title="bbox 171 2048 694 2113; baseline 0.011 -18"><span class='ocrx_word' id='word_1_111' title='bbox 171 2048 207 2096; x_wconf 89' lang='lat' dir='ltr'><strong>Ut</strong></span> <span class='ocrx_word' id='word_1_112' title='bbox 217 2049 283 2097; x_wconf 91' lang='lat' dir='ltr'><strong>bello</strong></span> <span class='ocrx_word' id='word_1_113' title='bbox 293 2051 400 2110; x_wconf 69' lang='lat' dir='ltr'><strong>egregins</strong></span> <span class='ocrx_word' id='word_1_114' title='bbox 409 2050 475 2098; x_wconf 88' lang='lat' dir='ltr'><strong>idem</strong></span> <span class='ocrx_word' id='word_1_115' title='bbox 485 2052 607 2112; x_wconf 75' lang='lat' dir='ltr'><strong>objecerit</strong></span> <span class='ocrx_word' id='word_1_116' title='bbox 617 2054 694 2113; x_wconf 84' lang='lat' dir='ltr'><strong>urbis,</strong></span> 
     </span>
     <span class='ocr_line' id='line_1_19' title="bbox 170 2136 845 2199; baseline 0.004 -16"><span class='ocrx_word' id='word_1_117' title='bbox 170 2136 318 2197; x_wconf 70' lang='lat' dir='ltr'><strong>Troiamque</strong></span> <span class='ocrx_word' id='word_1_118' title='bbox 329 2137 532 2199; x_wconf 85' lang='lat' dir='ltr'><strong>OEcbuliumque;</strong></span> <span class='ocrx_word' id='word_1_119' title='bbox 548 2147 577 2185; x_wconf 88' lang='lat' dir='ltr'><strong>ut</strong></span> <span class='ocrx_word' id='word_1_120' title='bbox 587 2139 661 2187; x_wconf 87' lang='lat' dir='ltr'><strong>durus</strong></span> <span class='ocrx_word' id='word_1_121' title='bbox 671 2140 740 2189; x_wconf 92' lang='lat' dir='ltr'><strong>mille</strong></span> <span class='ocrx_word' id='word_1_122' title='bbox 750 2140 845 2187; x_wconf 86' lang='lat' dir='ltr'><strong>lebores</strong></span> 
     </span>
     <span class='ocr_line' id='line_1_20' title="bbox 171 2224 740 2288; baseline 0.004 -16"><span class='ocrx_word' id='word_1_123' title='bbox 171 2226 235 2284; x_wconf 77' lang='lat' dir='ltr'><strong>Rege</strong></span> <span class='ocrx_word' id='word_1_124' title='bbox 244 2225 291 2272; x_wconf 88' lang='lat' dir='ltr'><strong>sub</strong></span> <span class='ocrx_word' id='word_1_125' title='bbox 301 2224 447 2286; x_wconf 75' lang='lat' dir='ltr'><strong>Eurystheo,</strong></span> <span class='ocrx_word' id='word_1_126' title='bbox 459 2225 515 2273; x_wconf 78' lang='lat' dir='ltr'><strong>fetis</strong></span> <span class='ocrx_word' id='word_1_127' title='bbox 524 2227 631 2274; x_wconf 74' lang='lat' dir='ltr'><strong>sunonis</strong></span> <span class='ocrx_word' id='word_1_128' title='bbox 642 2227 740 2288; x_wconf 75' lang='lat' dir='ltr'><strong>iniquus,</strong></span> 
     </span>
     <span class='ocr_line' id='line_1_21' title="bbox 170 2310 798 2371; baseline 0.002 -12"><span class='ocrx_word' id='word_1_129' title='bbox 170 2310 309 2359; x_wconf 88' lang='lat' dir='ltr'><strong>Pertulerit.</strong></span> <span class='ocrx_word' id='word_1_130' title='bbox 342 2312 382 2358; x_wconf 90' lang='lat' dir='ltr'><strong>Tu</strong></span> <span class='ocrx_word' id='word_1_131' title='bbox 394 2311 536 2371; x_wconf 68' lang='lat' dir='ltr'><strong>nubigenas,</strong></span> <span class='ocrx_word' id='word_1_132' title='bbox 546 2312 645 2371; x_wconf 79' lang='lat' dir='ltr'><strong>invicte,</strong></span> <span class='ocrx_word' id='word_1_133' title='bbox 656 2313 798 2360; x_wconf 87' lang='lat' dir='ltr'><strong>bimembris</strong></span> 
     </span>
     <span class='ocr_line' id='line_1_22' title="bbox 171 2398 825 2461; baseline -0.003 -14"><span class='ocrx_word' id='word_1_134' title='bbox 171 2400 329 2461; x_wconf 77' lang='lat' dir='ltr'><strong>llylteumque</strong></span> <span class='ocrx_word' id='word_1_135' title='bbox 341 2399 492 2459; x_wconf 84' lang='lat' dir='ltr'><strong>Pholumque</strong></span> <span class='ocrx_word' id='word_1_136' title='bbox 504 2413 590 2457; x_wconf 79' lang='lat' dir='ltr'><strong>manu,</strong></span> <span class='ocrx_word' id='word_1_137' title='bbox 601 2406 628 2446; x_wconf 87' lang='lat' dir='ltr'><strong>tu</strong></span> <span class='ocrx_word' id='word_1_138' title='bbox 639 2398 724 2447; x_wconf 81' lang='lat' dir='ltr'><strong>Cresia</strong></span> <span class='ocrx_word' id='word_1_139' title='bbox 734 2406 825 2445; x_wconf 76' lang='lat' dir='ltr'><strong>mactus</strong></span> 
     </span>
     <span class='ocr_line' id='line_1_23' title="bbox 170 2486 782 2548; baseline 0 -15"><span class='ocrx_word' id='word_1_140' title='bbox 170 2486 292 2548; x_wconf 74' lang='lat' dir='ltr'><strong>Prodigia,</strong></span> <span class='ocrx_word' id='word_1_141' title='bbox 303 2495 329 2536; x_wconf 89' lang='lat' dir='ltr'><strong>et</strong></span> <span class='ocrx_word' id='word_1_142' title='bbox 338 2494 433 2535; x_wconf 74' lang='lat' dir='ltr'><strong>rustum</strong></span> <span class='ocrx_word' id='word_1_143' title='bbox 447 2488 540 2535; x_wconf 83' lang='lat' dir='ltr'><strong>Nemee</strong></span> <span class='ocrx_word' id='word_1_144' title='bbox 549 2488 595 2534; x_wconf 88' lang='lat' dir='ltr'><strong>sub</strong></span> <span class='ocrx_word' id='word_1_145' title='bbox 607 2500 666 2548; x_wconf 88' lang='lat' dir='ltr'><strong>rupe</strong></span> <span class='ocrx_word' id='word_1_146' title='bbox 678 2487 782 2535; x_wconf 85' lang='lat' dir='ltr'><strong>leonem.</strong></span> 
     </span>
    </p>

    <p class='ocr_par' dir='ltr' id='par_1_14' title="bbox 170 2574 717 2637">
     <span class='ocr_line' id='line_1_24' title="bbox 170 2574 717 2637; baseline 0.004 -16"><span class='ocrx_word' id='word_1_147' title='bbox 170 2574 206 2621; x_wconf 79' lang='lat' dir='ltr'><strong>&#39;l&#39;e</strong></span> <span class='ocrx_word' id='word_1_148' title='bbox 217 2575 292 2637; x_wconf 76' lang='lat' dir='ltr'><strong>Stygii</strong></span> <span class='ocrx_word' id='word_1_149' title='bbox 303 2583 425 2624; x_wconf 88' lang='lat' dir='ltr'><strong>tremuere</strong></span> <span class='ocrx_word' id='word_1_150' title='bbox 435 2576 511 2634; x_wconf 84' lang='lat' dir='ltr'><strong>lucus,</strong></span> <span class='ocrx_word' id='word_1_151' title='bbox 522 2582 547 2623; x_wconf 89' lang='lat' dir='ltr'><strong>te</strong></span> <span class='ocrx_word' id='word_1_152' title='bbox 553 2574 651 2634; x_wconf 51' lang='lat' dir='ltr'><strong>innitor*</strong></span> <span class='ocrx_word' id='word_1_153' title='bbox 658 2574 717 2623; x_wconf 90' lang='lat' dir='ltr'><strong>Orci</strong></span> 
     </span>
    </p>

    <p class='ocr_par' dir='ltr' id='par_1_15' title="bbox 171 2662 756 2726">
     <span class='ocr_line' id='line_1_25' title="bbox 171 2662 756 2726; baseline 0.003 -15"><span class='ocrx_word' id='word_1_154' title='bbox 171 2662 233 2713; x_wconf 80' lang='lat' dir='ltr'><strong>Osse</strong></span> <span class='ocrx_word' id='word_1_155' title='bbox 242 2677 314 2726; x_wconf 85' lang='lat' dir='ltr'><strong>super</strong></span> <span class='ocrx_word' id='word_1_156' title='bbox 324 2666 523 2713; x_wconf 79' lang='lat' dir='ltr'><strong>recubeus&#39;untro</strong></span> <span class='ocrx_word' id='word_1_157' title='bbox 534 2678 627 2713; x_wconf 72' lang='lat' dir='ltr'><strong>semem</strong></span> <span class='ocrx_word' id='word_1_158' title='bbox 637 2670 756 2725; x_wconf 84' lang='lat' dir='ltr'><strong>cruento;</strong></span> 
     </span>
    </p>

    <p class='ocr_par' dir='ltr' id='par_1_16' title="bbox 168 2751 808 2902">
     <span class='ocr_line' id='line_1_26' title="bbox 170 2751 796 2816; baseline 0.006 -19"><span class='ocrx_word' id='word_1_159' title='bbox 170 2751 221 2798; x_wconf 90' lang='lat' dir='ltr'><strong>Nec</strong></span> <span class='ocrx_word' id='word_1_160' title='bbox 231 2758 256 2798; x_wconf 86' lang='lat' dir='ltr'><strong>te</strong></span> <span class='ocrx_word' id='word_1_161' title='bbox 266 2751 325 2798; x_wconf 84' lang='lat' dir='ltr'><strong>nllte</strong></span> <span class='ocrx_word' id='word_1_162' title='bbox 340 2751 428 2812; x_wconf 81' lang='lat' dir='ltr'><strong>fucies‚&#39;</strong></span> <span class='ocrx_word' id='word_1_163' title='bbox 435 2766 485 2800; x_wconf 91' lang='lat' dir='ltr'><strong>non</strong></span> <span class='ocrx_word' id='word_1_164' title='bbox 496 2752 584 2801; x_wconf 89' lang='lat' dir='ltr'><strong>terruit</strong></span> <span class='ocrx_word' id='word_1_165' title='bbox 594 2754 645 2816; x_wconf 80' lang='lat' dir='ltr'><strong>ipse</strong></span> <span class='ocrx_word' id='word_1_166' title='bbox 656 2753 796 2816; x_wconf 79' lang='lat' dir='ltr'><strong>Typhoeus,</strong></span> 
     </span>
     <span class='ocr_line' id='line_1_27' title="bbox 168 2835 808 2902; baseline 0 -15"><span class='ocrx_word' id='word_1_167' title='bbox 168 2839 276 2899; x_wconf 85' lang='lat' dir='ltr'><strong>Arduus,</strong></span> <span class='ocrx_word' id='word_1_168' title='bbox 288 2852 358 2889; x_wconf 83' lang='lat' dir='ltr'><strong>enne</strong></span> <span class='ocrx_word' id='word_1_169' title='bbox 366 2847 451 2890; x_wconf 88' lang='lat' dir='ltr'><strong>tenens</strong></span> <span class='ocrx_word' id='word_1_170' title='bbox 462 2860 470 2902; x_wconf 69' lang='grc' dir='ltr'>ς</span> <span class='ocrx_word' id='word_1_171' title='bbox 489 2855 539 2889; x_wconf 91' lang='lat' dir='ltr'><strong>nou</strong></span> <span class='ocrx_word' id='word_1_172' title='bbox 550 2835 574 2889; x_wconf 79' lang='lat' dir='ltr'><strong>te</strong></span> <span class='ocrx_word' id='word_1_173' title='bbox 584 2842 686 2890; x_wconf 76' lang='lat' dir='ltr'><strong>rationis</strong></span> <span class='ocrx_word' id='word_1_174' title='bbox 697 2844 808 2902; x_wconf 75' lang='lat' dir='ltr'><strong>&#39;egentem</strong></span> 
     </span>
    </p>

    <p class='ocr_par' dir='ltr' id='par_1_17' title="bbox 143 2913 755 3077">
     <span class='ocr_line' id='line_1_28' title="bbox 143 2913 755 2989; baseline -0.003 -12"><span class='ocrx_word' id='word_1_175' title='bbox 143 2913 146 2918; x_wconf 40' lang='lat'><strong>⁴</strong></span> <span class='ocrx_word' id='word_1_176' title='bbox 169 2928 284 2977; x_wconf 72' lang='lat' dir='ltr'><strong>lerneus</strong></span> <span class='ocrx_word' id='word_1_177' title='bbox 294 2928 367 2976; x_wconf 81' lang='lat' dir='ltr'><strong>turbu</strong></span> <span class='ocrx_word' id='word_1_178' title='bbox 377 2928 483 2989; x_wconf 85' lang='lat' dir='ltr'><strong>capitum</strong></span> <span class='ocrx_word' id='word_1_179' title='bbox 492 2928 653 2977; x_wconf 82' lang='lat' dir='ltr'><strong>circumstetit</strong></span> <span class='ocrx_word' id='word_1_180' title='bbox 662 2926 755 2987; x_wconf 73' lang='lat' dir='ltr'><strong>anguiis.</strong></span> 
     </span>
     <span class='ocr_line' id='line_1_29' title="bbox 169 3012 755 3077; baseline -0.003 -14"><span class='ocrx_word' id='word_1_181' title='bbox 169 3016 251 3076; x_wconf 77' lang='lat' dir='ltr'><strong>Salve,</strong></span> <span class='ocrx_word' id='word_1_182' title='bbox 261 3028 318 3064; x_wconf 84' lang='lat' dir='ltr'><strong>veru</strong></span> <span class='ocrx_word' id='word_1_183' title='bbox 328 3016 345 3065; x_wconf 86' lang='lat' dir='ltr'>J</span> <span class='ocrx_word' id='word_1_184' title='bbox 346 3014 401 3063; x_wconf 80' lang='lat' dir='ltr'><strong>ouis</strong></span> <span class='ocrx_word' id='word_1_185' title='bbox 408 3017 499 3077; x_wconf 81' lang='lat' dir='ltr'><strong>proles,</strong></span> <span class='ocrx_word' id='word_1_186' title='bbox 509 3016 582 3065; x_wconf 76' lang='lat' dir='ltr'><strong>dectus</strong></span> <span class='ocrx_word' id='word_1_187' title='bbox 593 3014 673 3063; x_wconf 78' lang='lat' dir='ltr'><strong>addite</strong></span> <span class='ocrx_word' id='word_1_188' title='bbox 683 3012 755 3073; x_wconf 83' lang='lat' dir='ltr'><strong>(liris,</strong></span> 
     </span>
    </p>

    <p class='ocr_par' dir='ltr' id='par_1_18' title="bbox 169 3100 760 3173">
     <span class='ocr_line' id='line_1_30' title="bbox 169 3100 760 3173; baseline -0.002 -22"><span class='ocrx_word' id='word_1_189' title='bbox 169 3104 202 3151; x_wconf 82' lang='lat' dir='ltr'><strong>Bt</strong></span> <span class='ocrx_word' id='word_1_190' title='bbox 212 3118 257 3153; x_wconf 90' lang='lat' dir='ltr'><strong>nos</strong></span> <span class='ocrx_word' id='word_1_191' title='bbox 267 3112 293 3153; x_wconf 89' lang='lat' dir='ltr'><strong>et</strong></span> <span class='ocrx_word' id='word_1_192' title='bbox 302 3111 345 3153; x_wconf 82' lang='lat' dir='ltr'><strong>tue</strong></span> <span class='ocrx_word' id='word_1_193' title='bbox 354 3104 439 3173; x_wconf 72' lang='lat' dir='ltr'><strong>dexter</strong></span> <span class='ocrx_word' id='word_1_194' title='bbox 448 3103 487 3152; x_wconf 79' lang='lat' dir='ltr'><strong>odi</strong></span> <span class='ocrx_word' id='word_1_195' title='bbox 498 3104 558 3167; x_wconf 83' lang='lat' dir='ltr'><strong>pede</strong></span> <span class='ocrx_word' id='word_1_196' title='bbox 568 3118 637 3153; x_wconf 78' lang='lat' dir='ltr'><strong>sucre</strong></span> <span class='ocrx_word' id='word_1_197' title='bbox 646 3100 760 3153; x_wconf 83' lang='lat' dir='ltr'><strong>secundo.</strong></span> 
     </span>
    </p>
   </div>
   <div class='ocr_carea' id='block_1_5' title="bbox 0 0 1172 3734">
    <p class='ocr_par' dir='ltr' id='par_1_19' title="bbox 0 0 1172 3734">
     <span class='ocr_line' id='line_1_31' title="bbox 0 0 1172 3734; baseline 0 3"><span class='ocrx_word' id='word_1_198' title='bbox 0 0 1172 3734; x_wconf 95' lang='lat' dir='ltr'><strong> </strong></span> 
     </span>
    </p>
   </div>
  </div>
 </body>
</html>
