2334 3734
228 549 274 596 106
448 549 476 596 Ρ.
492 549 631 600 VlRGlLil
648 550 802 600 MARONIS

226 676 364 738 Subjiciunt
371 678 516 740 fragmenta,
526 679 650 743 thymum,
661 679 787 742 oesiusque
796 679 908 728 recentis.

227 765 280 813 Hoc
291 766 393 827 geritur,
406 767 520 830 Zephyris
530 767 639 830 primum
649 767 823 831 inpellentibus
833 767 922 826 undas,

225 855 291 902 Ante
301 855 371 904 novis
381 857 484 904 rubeant
494 870 566 918 quarn
577 864 647 920 prate
656 857 789 917 coloribus,
801 864 858 906 ante

228 945 333 992 Gaetula
343 958 416 1006 quum
427 945 501 1006 tignis
512 945 598 994 nidum
608 946 740 1009 suspendet
748 945 864 995 hirundo.

223 1031 325 1081 'Interea
335 1033 425 1082 teneris
437 1035 568 1097 tepefactus
580 1035 605 1083 in
617 1035 714 1084 ossibus
724 1036 814 1084 humor

228 1123 343 1186 AEstuat3
360 1132 385 1172 et
394 1124 494 1172 visenda
504 1124 582 1173 modis
593 1124 710 1172 animalia
718 1124 799 1184 miris,

228 1213 327 1262 Trunca
337 1213 424 1276 pedum
436 1215 527 1276 primo,
539 1229 599 1262 mox
609 1223 635 1263 et
645 1214 773 1264 stridentia
781 1213 869 1277 pennis

229 1302 374 1364 Miscentur,
385 1310 531 1366 tenuemque
542 1303 618 1364 magis
629 1304 706 1366 magis
716 1312 901 1368 aerteerpunt3

229 1395 323 1452 Donec,
335 1400 363 1440 ut
374 1393 463 1442 estivis
474 1393 564 1442 effusus
575 1393 681 1442 nubibus
692 1393 781 1453 imber,

182 1509 185 1518 ·
229 1483 354 1544 Erupere;
372 1490 413 1530 aut
423 1490 460 1543 ut,
468 1496 543 1533 nervo
554 1484 667 1545 pulsante
677 1483 782 1544 sagitte,

230 1571 313 1619 Prima
321 1573 384 1620 leves
395 1571 482 1621 ineunt
492 1573 512 1621 si
523 1573 621 1634 quando
630 1574 719 1635 proeiia
728 1571 822 1621 Parthi.

263 1660 324 1714 Quis
335 1663 401 1710 Deus
411 1662 484 1722 benc,
498 1664 588 1722 Musae,
598 1662 652 1724 quis
662 1661 734 1710 nobis
744 1662 840 1712 extudit
849 1665 945 1712 artem?

230 1749 303 1799 Unde
315 1765 378 1800 nova
388 1751 510 1812 ingressus
521 1752 651 1800 hominum
660 1752 811 1816 experientia
819 1753 902 1816 cepit?

230 1841 318 1888 Pastor
329 1840 448 1889 Aristaeus
459 1841 554 1902 fugiens
567 1842 657 1890 Peneia
670 1843 773 1904 Tempe,

227 1928 342 1989 Amissis,
356 1936 384 1977 ut
394 1930 470 1989 fama,
482 1929 566 1992 apibus
578 1931 713 1992 morboque
724 1931 847 1993 fameque,

227 2017 317 2066 Tristis
329 2019 359 2068 sd
370 2019 474 2067 extremi
484 2033 581 2068 sacrum
592 2027 665 2082 mput
674 2019 769 2069 adstitit
778 2020 867 2081 amnis,

230 2107 311 2155 Multa
320 2122 435 2169 querens,
446 2116 518 2170 etque
528 2109 573 2157 hac
585 2109 681 2158 adfatus
692 2123 752 2159 voce
762 2117 902 2172 putentem:

231 2197 311 2244 Mater
323 2196 428 2259 Cyrene,
439 2204 528 2256 mater,
540 2213 595 2259 quse
605 2197 706 2258 gurgitis
715 2199 789 2260 hujus

231 2286 284 2332 lma
293 2292 372 2345 tenes,
384 2285 442 2346 quid
454 2301 493 2335 me
504 2288 622 2350 praeclaru
630 2287 706 2351 stirpe
714 2289 827 2349 deorum,

231 2372 257 2422 Si
269 2373 353 2434 modo,
365 2389 437 2435 quem
448 2375 570 2439 perhibes,
582 2384 651 2438 puter
660 2383 699 2425 est
708 2378 870 2441 'lbymbreeus
878 2380 980 2442 Apollo,

232 2463 340 2513 invisum
352 2465 407 2513 fatis
419 2466 522 2527 genuisti
534 2469 543 2514 ἓ
565 2474 608 2515 aut
618 2482 667 2529 quo
677 2467 723 2516 tibi
734 2468 814 2518 nostri

231 2553 319 2601 Pulsus
331 2556 420 2602 amor?
440 2554 499 2616 quid
509 2569 548 2603 me
560 2557 651 2604 coelum
662 2571 760 2620 sperare
768 2559 890 2619 jubebus?

231 2642 269 2690 En
280 2642 354 2690 etiam
365 2643 430 2691 bunc
442 2643 522 2706 ipsum
533 2643 589 2692 vitae
601 2646 713 2694 mortalis
724 2648 856 2709 bonorem,

231 2733 311 2786 Quem
322 2731 384 2780 mihi
394 2732 435 2780 vix
446 2733 545 2794 frugum
556 2741 581 2782 et
592 2736 712 2797 pecudum
722 2737 834 2787 custodie
843 2739 932 2788 sollers

231 2820 323 2871 Omnis
332 2821 437 2870 tentanti
448 2822 586 2883 extuderat,
593 2831 619 2872 te
629 2832 718 2886 matre,
729 2826 852 2889 relinquo.

231 2909 296 2964 Quin
308 2924 362 2972 age,
373 2911 460 2975 etipsa
470 2927 545 2963 manu
556 2914 634 2964 felicis
644 2929 703 2965 erue
712 2915 802 2978 silvas,

230 3000 276 3048 Fer
287 2986 388 3049 stabulis
399 3001 527 3052 inimicum
537 3003 629 3065 ignem,
640 3011 712 3066 atque
722 3005 832 3054 interfice
841 3005 944 3068 messis,

201 3072 205 3078 '
232 3089 861 3156 ureau,evnrnm.rnnusm0menipennem2

230 3179 310 3226 Tanta
321 3192 381 3227 men
392 3179 413 3226 si
425 3187 449 3228 te
459 3187 576 3242 ceperunt
586 3180 660 3229 uenia
669 3181 757 3232 laudm.
