2334 3734
215 501 245 548 60
443 501 469 548 P.
487 501 625 549 VlRGlLll
643 498 797 549 MARONIS

213 627 352 692 Dispicere:
370 630 418 678 huc
430 628 532 678 summis
541 629 668 691 liquuntur
680 627 780 691 rupibus
791 628 885 686 amnes,

213 718 366 780 Felicemque
376 719 478 768 trahunt
488 718 576 767 limum
586 739 594 781 3
612 718 701 781 quique
712 717 791 767 editus
801 723 886 766 austm

214 811 247 861 Iit
257 809 350 860 silicem
358 810 438 860 curvis
450 810 553 860 invisam
565 810 644 872 pascit
654 809 741 858 aratris
751 829 760 871 ;

214 900 261 950 llic
273 901 317 950 tibi
328 901 470 964 praevalidas
481 901 542 949 olim
555 901 681 962 multoque
695 898 793 948 fluentis

213 991 320 1041 Sufficiet
331 991 428 1040 Baccho
438 990 511 1053 vitis3
528 991 568 1040 hic
580 989 668 1039 fertilis
678 1003 744 1049 uvae,

216 1080 262 1129 Hic
272 1080 362 1141 laticis,
375 1082 471 1143 qualem
482 1081 570 1143 pateris
581 1079 687 1129 libamus
698 1087 724 1127 et
737 1091 808 1138 auro,

216 1171 313 1220 ludarii
322 1185 396 1232 quum
408 1155 504 1233 pinguis
516 1172 576 1219 ebur
587 1168 729 1232 Tyrrhenus
739 1167 771 1215 ad
780 1180 845 1227 aras,

215 1259 335 1310 Lancibus
346 1269 371 1309 et
381 1260 465 1324 pandis
477 1259 596 1309 numantia
607 1257 731 1307 reddimus
741 1265 806 1306 exta.

214 1348 258 1398 Sin
270 1357 380 1398 armenta
391 1349 467 1411 magis
478 1349 586 1398 studium
597 1347 734 1409 vitulosque
744 1346 819 1407 tueri,

213 1440 264 1488 Aut
276 1439 339 1487 fetus
350 1439 443 1497 ovium,
455 1446 497 1487 aut
505 1437 600 1486 urende
610 1437 677 1486 culta
687 1437 807 1499 capellas:

215 1529 306 1590 Saltus,
318 1536 343 1578 et
354 1529 429 1578 saturi
441 1529 517 1591 petito
528 1527 664 1590 longinqua
672 1526 785 1586 Tarenti,

216 1619 249 1667 lit
259 1619 355 1680 qualem
367 1619 453 1668 infelix
465 1618 548 1667 amisit
558 1621 663 1668 Mantua
672 1631 796 1680 campum,

217 1709 358 1756 Pascentem
371 1707 453 1765 niveos
464 1707 570 1756 herboso
581 1707 683 1756 flumine
692 1719 795 1769 cycnos3

217 1797 275 1844 Non
287 1796 373 1859 liquidi
384 1798 495 1860 gregibus
507 1799 598 1857 fontes,
611 1812 661 1845 non
672 1794 782 1857 gramina
793 1793 911 1857 deerunt3

216 1885 259 1946 Et,
271 1894 388 1947 quantum
401 1889 480 1949 longis
491 1896 591 1950 carpent
601 1879 712 1935 armenta
724 1885 819 1946 diebus,

218 1974 416 2036 Exiguatautum
428 1977 520 2038 gelidus
533 1991 574 2024 ros
586 1983 658 2024 nocte
670 1983 779 2039 reponet.
829 2035 832 2040 Ι

219 2062 295 2125 Nigra
305 2064 356 2112 fere
366 2073 391 2112 et
401 2079 485 2126 presso
496 2063 592 2126 pinguis
603 2065 649 2113 sub
657 2077 756 2113 vomere
767 2071 842 2122 terra,

216 2153 249 2201 Et
260 2152 299 2201 cui
310 2161 380 2214 putre
392 2155 473 2201 solum
489 2154 605 2217 (namque
615 2154 662 2202 hoc
673 2153 800 2202 imitamur
812 2149 928 2214 mando),

217 2241 324 2304 Optuma
335 2242 477 2290 frumentis:
495 2257 546 2290 non
557 2243 610 2290 ullo
620 2257 652 2291 ex
663 2257 762 2304 aequore
774 2255 858 2290 cernes

216 2329 290 2378 Plura
301 2329 401 2378 domum
412 2328 487 2379 tardis
498 2329 614 2380 decedere
624 2331 733 2394 plaustra
740 2330 850 2391 J'uvencis
861 2349 867 2378 :
918 2341 926 2350 ·

214 2421 275 2480 Aut,
285 2420 351 2468 unde
361 2420 437 2469 iratus
448 2420 534 2469 silvam
546 2419 643 2469 devexit
653 2427 745 2480 arator,

215 2511 247 2558 Et
260 2523 361 2559 nemora
370 2509 456 2559 evertit
466 2512 557 2559 multos
568 2509 654 2570 ignava
663 2523 706 2573 per
718 2522 806 2569 annos,

215 2597 383 2660 Antiquusque
394 2598 479 2646 domos
491 2599 571 2646 avium
582 2612 638 2647 cum
650 2598 766 2660 stirpibus
777 2597 833 2646 imis

215 2687 303 2737 Eruit:
320 2687 371 2736 illae
383 2688 460 2735 altum
472 2687 535 2735 nidis
546 2686 637 2749 petiere
648 2686 753 2749 relictis3

214 2778 249 2824 At
259 2775 326 2825 rudis
338 2775 427 2824 enituit
436 2775 534 2838 inpulso
545 2789 644 2825 vomere
655 2790 763 2839 campus.

217 2867 281 2913 Nam
289 2867 374 2926 jejuna
385 2865 482 2927 quidem
493 2865 577 2914 clivosi
590 2867 671 2927 glarea
682 2865 747 2915 ruris

216 2953 263 3002 Vix
275 2953 375 3002 humilis
386 2954 470 3016 apibus
481 2955 557 3004 casias
568 2968 698 3017 roremque
709 2955 851 3017 ministrat;

216 3044 248 3092 Et
259 3044 348 3106 tophus
360 3045 452 3104 scaber,
464 3051 489 3093 et
500 3042 574 3104 nigris
586 3057 660 3093 erma
670 3043 791 3106 chelydris

219 3135 301 3193 Creta,
314 3141 403 3194 negant
412 3133 474 3182 alios
485 3146 552 3196 oeque
563 3132 716 3196 serpentibus
726 3147 796 3195 egros
