2334 3734
209 524 257 571 29⁰
390 563 393 573 ,
431 523 458 569 Ρ.
473 522 613 570 vlaulnll
630 511 782 570 tinitonis

209 652 275 709 Heu,
287 648 422 697 miserande
432 653 508 711 puer!
526 649 547 697 si
560 664 608 710 qua
619 650 669 698 iate
680 663 764 711 aspera
775 664 884 713 rumpas,
929 680 935 687 -

208 744 247 791 'Pu
259 742 391 790 Marcellin
403 741 460 789 eris.
493 741 609 789 Manibus
622 741 676 789 date
686 740 739 789 lilia
749 740 841 803 plenis:

210 832 347 892 Purpureos
358 842 468 892 spargam
479 828 563 888 flores,
576 828 731 891 animamque
742 828 837 891 nepotis

210 918 257 966 His
265 919 352 966 saltem
361 918 514 966 adcumulem
520 917 607 977 donis,
620 924 644 965 et
654 918 741 978 fungar
752 916 819 965 inani

211 1008 324 1053 Munere.
357 1006 397 1055 Sic
407 1014 459 1054 tota
469 1005 559 1067 passim
570 1005 670 1066 regione
682 1012 799 1065 vagantur

211 1094 283 1143 Aeris
294 1094 318 1142 in
331 1094 421 1156 campis
432 1094 499 1154 latis,
512 1102 583 1156 atque
595 1094 679 1143 omnia
691 1096 806 1143 lustrant.

210 1184 272 1237 Quae
283 1190 410 1245 postquam
422 1183 541 1232 Anchises
553 1190 638 1232 natum
649 1198 692 1245 per
704 1184 800 1245 singula
809 1183 890 1243 duxit,

210 1271 367 1333 Incenditque
379 1272 488 1319 animum
499 1273 569 1319 mmm
580 1272 699 1321 venientis
710 1286 794 1321 amere
805 1292 811 1320 :

210 1359 275 1408 Exin
286 1360 351 1407 bella
361 1359 413 1407 viro
426 1367 610 1422 memoratque
622 1360 708 1409 deiude
720 1360 835 1420 gerenda,

210 1447 386 1508 Laurentisque
396 1448 468 1495 docet
477 1448 591 1510 populos,
602 1449 736 1510 urbemque
750 1449 848 1511 Latini;

209 1537 242 1591 Et
253 1550 301 1598 quo
311 1548 430 1596 quemque
441 1535 514 1583 modo
525 1534 650 1597 fugiatque
660 1536 770 1597 feratque
781 1536 899 1584 laborem.

243 1625 307 1673 Sunt
315 1623 417 1683 gemina
429 1622 514 1672 Somni
522 1631 599 1685 portae
610 1642 615 1671 ι
633 1638 737 1685 quarum
748 1625 825 1673 altera
835 1624 911 1673 fertur

211 1714 324 1774 Cornea3
340 1725 389 1773 qua
398 1712 461 1760 veris
472 1701 550 1759 facilis
562 1712 633 1760 datur
644 1713 724 1761 exitus
737 1712 852 1763 Umbris:

210 1801 295 1848 Altera
304 1799 417 1848 candenti
427 1802 535 1861 perfecta
545 1799 625 1848 nitens
637 1801 766 1862 elephanto
775 1821 783 1862 ς

211 1887 260 1935 Sed
270 1888 332 1935 falsa
342 1887 373 1934 ad
383 1888 473 1937 eaelum
483 1886 585 1934 mittunt
595 1886 717 1935 insomnia
728 1890 823 1937 Manes.

212 1974 257 2025 His
268 1974 310 2022 ubi
321 1982 374 2021 tum
385 1981 469 2022 natum
479 1973 599 2038 Anchises
611 1987 706 2035 unaque
717 1975 836 2039 Sibyllam

212 2062 369 2122 Prosequitur
379 2062 460 2122 dictim
471 2071 587 2123 portaque
599 2062 689 2113 emittit
698 2052 805 2113 e'burna:

212 2150 257 2197 llle
269 2149 332 2196 viam
342 2158 409 2199 secat
417 2150 448 2198 ed
459 2150 538 2210 navis,
549 2150 676 2212 nesciosque
687 2152 788 2214 revisit3

211 2239 276 2287 Tum
285 2251 311 2286 se
322 2238 353 2286 ud
361 2238 450 2287 Caieta
460 2247 526 2287 recto
537 2239 587 2287 fert
597 2239 675 2289 limite
686 2248 791 2303 portum.

113 2352 117 2360 ι
213 2331 310 2376 Ancora
321 2327 350 2375 de
361 2327 530 2389 prorajaoitur
542 2348 550 2389 ;
567 2336 634 2379 stant
646 2329 718 2379 litore
729 2344 828 2393 puppes.
