2334 3734
164 566 168 571 .
226 519 275 569 aas
450 518 477 566 c.
494 516 630 577 vrnernn
647 516 799 569 nunonis
836 584 839 589 ¹
927 532 932 539 ·

228 645 357 695 Pr0ximus
369 645 411 693 ille
422 646 522 706 Procas,
532 647 646 706 Trojanae
657 646 833 709 perngerus,

227 734 260 782 Et
271 734 359 795 Capys,
370 743 395 781 et
406 733 531 792 Numitor,
542 733 620 794 etqui
632 742 655 783 te
666 735 767 783 nomine
777 735 860 783 reddet

227 821 317 869 Silvius
328 808 427 881 AEneas,
436 821 527 883 pariter
537 821 626 883 pietate
637 823 674 869 vel
686 822 760 871 armis

226 910 353 971 Egregius,
364 910 385 957 si
396 898 509 971 umquam
522 911 669 972 regnandam
680 912 801 973 adceperit
810 912 908 961 Albam.

206 1046 212 1057 Ι
228 998 276 1052 Qui
284 1000 385 1059 juvenes
397 1006 498 1060 quantos
509 1008 642 1059 ostentant,
653 999 759 1061 adspice,
771 1000 848 1047 vires!

227 1089 271 1148 At,
283 1087 326 1148 qui
337 1089 448 1136 umbrata
458 1096 545 1147 gerunt
555 1088 620 1137 civili
631 1094 741 1149 tempora
751 1076 851 1149 quercu,

229 1177 263 1225 Hi
273 1177 317 1226 tibi
330 1181 489 1258 Nomentano,
500 1187 525 1227 et
536 1178 637 1238 Gabios,
648 1180 780 1240 urbemque
791 1178 917 1237 Fidenam,

228 1266 262 1315 lli
276 1267 408 1315 Collatinas
420 1267 539 1329 inponent
548 1266 671 1315 montibus
682 1280 759 1327 moes,

230 1355 245 1384 *
258 1355 339 1403 Laude
350 1355 470 1417 pudicitia
482 1356 599 1415 celebres,
611 1355 746 1417 addentque
757 1356 890 1417 superbos·

230 1444 363 1503 Pometios,
375 1446 535 1517 casuumque
546 1444 612 1504 Inui,
625 1445 768 1505 Bolamque,
781 1444 926 1505 Coramque.

230 1533 289 1581 llec
299 1540 353 1580 tum
364 1532 464 1581 nomina
474 1538 555 1593 erunt,
568 1546 633 1581 nunc
644 1540 701 1581 sunt
712 1532 764 1580 siue
775 1531 875 1581 nomine
886 1539 964 1581 terra.

230 1620 296 1677 Quin
307 1629 333 1669 et
342 1636 386 1669 avo
397 1622 512 1670 comitem
523 1636 575 1670 sese
587 1621 721 1669 Mavortius
731 1621 803 1670 addet
823 1626 826 1633 '

229 1710 348 1758 Romulus
358 1729 366 1771 3
383 1710 495 1758 Assaraci
507 1724 579 1771 quem
590 1708 713 1769 sanguinis
725 1708 770 1757 llio
780 1717 857 1758 mater

229 1797 329 1845 Educet
362 1796 449 1846 Viden'
461 1804 490 1844 ut
498 1797 600 1857 geminae
609 1805 675 1845 stant
685 1796 773 1846 vertice
783 1797 873 1859 mistae,

229 1886 262 1953 Et
271 1893 339 1949 pater
349 1886 400 1947 ipse
412 1899 456 1933 suo
468 1898 582 1947 superum
591 1887 643 1944 jam
654 1885 734 1945 signat
743 1887 854 1935 honore?

229 1974 278 2033 En,
290 1974 373 2032 hujus,
384 1978 450 2031 nate,
463 1971 574 2033 auspiciis
584 1971 628 2020 illa
639 1970 729 2020 incluta
740 1975 818 2023 Roma

147 2088 151 2093 Α
231 2060 362 2122 Imperium
374 2059 456 2119 terris,
468 2059 563 2107 animos
573 2060 679 2121 aeqlfflbii
689 2059 805 2125 Ollmlffls

232 2149 376 2210 Septemque
383 2162 433 2196 una
443 2148 490 2196 sibi
500 2163 571 2198 muro
583 2148 742 2197 circumdabit
752 2163 830 2210 arces,

232 2235 301 2284 Felix
311 2239 381 2299 prole
392 2237 485 2285 virum:
502 2238 580 2299 qualis
591 2238 734 2302 Berecyntia
745 2246 821 2287 mater

232 2323 356 2373 Invehitur
367 2339 439 2374 curru
452 2326 567 2389 Phrygias
578 2325 667 2375 turrita
678 2339 720 2388 per
731 2325 809 2387 urbis,

232 2414 300 2461 Laeta
309 2413 382 2462 deum
393 2422 474 2477 partu,
485 2423 582 2464 eentum
594 2417 712 2479 conplexa
724 2422 833 2476 nepotes,

233 2500 321 2550 Omnis
329 2503 462 2564 ooelicolas,
472 2505 552 2553 omnis
563 2518 650 2567 supera
661 2506 710 2553 alta
721 2504 834 2553 tenentis.

234 2588 288 2637 Huc
300 2591 407 2651 geminas
418 2605 483 2639 nunc
494 2592 563 2639 flecte
575 2592 637 2640 acies
647 2612 655 2653 ς
673 2592 735 2640 hanc
746 2591 841 2655 adspice
851 2598 957 2654 gentem,

232 2680 403 2739 Romanosque
414 2686 476 2726 mos.
511 2678 557 2726 llic
569 2681 661 2738 Caesar,
672 2687 697 2727 et
707 2678 787 2727 omnis
799 2680 847 2729 lnli
930 2710 939 2715 -

233 2765 374 2826 Progenies,
385 2779 500 2825 magnum
510 2765 566 2813 ooeli
577 2774 677 2814 ventura
687 2768 733 2814 snb
743 2780 823 2817 axem.

141 2919 145 2923 λ
233 2853 280 2901 Hic
291 2852 338 2914 vir,
348 2853 388 2901 hic
399 2862 445 2913 ost,
457 2854 500 2901 tibi
513 2868 584 2915 quem
595 2855 705 2917 promitti
716 2856 803 2919 sapius
815 2858 894 2919 audis,

234 2941 356 3001 Augustus
368 2943 459 3002 Cesar,
469 2942 524 2991 Divi
534 2931 625 3004 genus:
643 2958 716 2993 aurea
726 2945 815 2995 condet

232 3028 792 3096 smuaqrnrursususno,rcgnataperarva
870 3090 872 3095 ,

202 3128 206 3134 ·
232 3116 337 3165 Saturno
349 3116 489 3181 quondam
506 3134 578 3183 super
589 3129 614 3171 et
624 3124 782 3173 Garamantas
792 3130 817 3171 ct
829 3122 901 3171 lndos
