2334 3734
201 518 250 566 298
439 521 467 569 Ρ.
484 521 621 570 VIRGlLll
639 524 791 575 MARONIS

204 648 259 707 lpse
270 644 392 700 Quirinali
404 646 482 716 lituo,¹
488 663 608 711 parvaque
619 651 717 701 sedehat

205 734 344 783 Succinctus
355 738 448 796 haheo,
457 738 563 800 laevaque
574 740 652 788 ancile
663 742 761 802 gerebat

206 822 287 882 Picus,
298 837 388 883 equum
398 824 517 874 domitor:
535 842 607 887 quem
619 836 688 891 capta
699 830 811 893 cupidine
821 834 928 893 conjunx

203 912 286 959 Aurea
296 926 437 973 percussum
448 914 523 973 virga,
534 929 678 977 versumque
689 918 798 979 venenis,

205 999 271 1051 Fecit
282 1013 350 1048 avem
362 1001 443 1060 Circe,
455 1003 590 1064 sparsitque
600 1005 723 1053 coloribus
731 1005 790 1054 alas.

204 1088 260 1145 Tali
270 1088 335 1138 intus
347 1092 439 1151 templo
451 1091 535 1141 divom·
543 1093 669 1153 patriaque
681 1094 780 1143 latim

205 1177 267 1225 Sede
276 1177 361 1237 sedens
372 1181 479 1227 'l'eueros
490 1180 521 1227 ad
531 1195 584 1228 sese
593 1182 619 1228 in
631 1189 694 1232 tecta
703 1183 812 1244 vooavit;

205 1269 285 1329 Atque
296 1270 348 1317 haec
359 1269 472 1330 ingressis
483 1270 577 1331 placido
586 1271 653 1331 prior
664 1270 739 1319 edidit
749 1286 805 1320 ore:

238 1355 326 1416 Dicite,
338 1358 494 1417 Dardarridae,
504 1373 582 1420 neque
592 1360 659 1408 euim
670 1361 791 1409 nescimus
802 1368 827 1409 et
839 1362 935 1422 urbem,
965 1374 969 1379 ·

204 1445 237 1493 Et
247 1459 333 1505 genua,
344 1447 467 1507 auditique
477 1448 600 1497 advertitis
612 1463 709 1510 aequore
718 1462 827 1510 eursum,

205 1532 271 1586 Quid
281 1535 380 1596 petitis?
400 1550 454 1596 quae
465 1551 550 1585 caussa
561 1546 636 1597 rates,
648 1548 691 1587 aut
700 1540 768 1600 cujus
780 1546 877 1600 egentes

136 1680 140 1694 Ι
185 1664 189 1672 ,
206 1621 275 1670 Litus
286 1623 316 1670 ad
327 1624 464 1672 Ausonium
475 1634 512 1674 tot
522 1641 565 1687 per
576 1628 637 1675 vada
648 1628 737 1675 ‹aerula
748 1626 830 1675 vexit?

206 1707 261 1757 Sive
273 1723 356 1758 errore
369 1710 422 1771 viae,
434 1726 477 1761 seu
488 1716 671 1775 tempestatibus
679 1715 736 1775 acti,

209 1796 309 1858 (Qualia
320 1799 397 1846 multa
408 1799 469 1848 mari
481 1809 560 1849 nauta
571 1803 696 1863 patiuntur
708 1804 733 1851 in
744 1801 805 1864 alto)

125 1906 130 1915 ·
206 1884 326 1933 Fluminis
337 1886 444 1934 intrastis
456 1888 530 1949 ripas,
542 1897 661 1950 portuque
670 1891 757 1939 sedetis
768 1911 776 1952 ;

206 1974 244 2020 Ne
255 1973 330 2033 fugite
341 1973 484 2034 hospitium,
496 1989 556 2022 neve
568 1976 676 2036 ignorate
689 1977 788 2051 Latinos

205 2062 305 2111 Saturni
315 2070 421 2123 gentem,
433 2064 498 2112 haud
508 2064 589 2113 vinclo
601 2080 645 2115 uec
655 2068 748 2128 legibus
759 2082 862 2131 usquam,

206 2152 298 2213 Sponte
308 2166 352 2201 sua
363 2153 497 2215 ueterisque
507 2154 545 2201 dei
557 2169 583 2202 se
595 2170 664 2203 more
676 2163 806 2206 tenentem.

155 2262 163 2275 ¹
204 2243 285 2302 Atque
296 2241 407 2304 equidem
420 2244 520 2292 memini
536 2246 612 2307 (fama
623 2254 660 2295 est
670 2244 796 2295 obseu'rior
807 2244 888 2307 aunis)

107 2348 112 2354 ·
204 2332 334 2381 Auruncos
343 2333 377 2382 ita
387 2335 451 2381 ferre
462 2350 543 2393 senes,
554 2336 593 2384 his
604 2344 672 2385 ortus
684 2344 712 2384 ut
722 2335 785 2396 agris

204 2421 331 2471 Dardanus
344 2423 418 2471 ldoeas
431 2425 539 2487 Phrygia
551 2426 684 2486 penetrarit
694 2425 725 2473 ad
734 2425 812 2484 urhis,

203 2510 388 2572 Threiciamque
399 2513 511 2570 samum,
522 2526 577 2573 quae
589 2504 830 2562 nunc'Samothraeia
840 2514 924 2562 seruus.

205 2597 269 2645 Hine
279 2598 351 2646 illum
365 2600 466 2661 Corythi
477 2602 603 2661 Tyrrhena
615 2604 644 2649 ab
657 2602 712 2649 sede
720 2602 855 2664 proiectum

204 2687 285 2734 Aurea
296 2701 360 2734 nuuc
371 2686 434 2735 sollo
446 2688 565 2735 stellantis
577 2690 643 2748 regia
652 2690 708 2737 coeli

140 2760 144 2768 ⁵
203 2772 309 2836 Adcipit,
321 2783 346 2823 et
357 2789 486 2823 numerum
497 2776 609 2825 divorum
620 2778 735 2825 altaribus
747 2778 821 2827 addit.

234 2864 343 2912 Dixerat.
376 2866 479 2914 Etdicta
492 2866 598 2914 llioneua
610 2866 644 2915 sic
656 2880 713 2915 vooe
723 2874 833 2915 secutus:

202 2954 264 3013 Rex,
275 2967 350 3014 genus
361 2954 483 3016 egregium
495 2956 582 3015 Fauni,
595 2970 639 3004 uec
648 2956 760 3019 ductibus
772 2964 837 3005 actos

199 3042 262 3089 Atra
272 3042 365 3101 subegit
375 3042 453 3090 hiems
464 3044 550 3092 restris
560 3044 687 3092 succedere
697 3044 779 3101 terris,

199 3132 251 3176 Nee
262 3128 329 3177 sidus
339 3124 438 3188 regione
447 3130 492 3178 vise
503 3124 591 3179 litrrsve
601 3131 701 3181 fefellit:
