2334 3734
190 533 240 582 212
410 533 438 581 P.
455 532 593 582 VlBGlLll
611 532 765 583 MARONlS

189 662 291 727 stylus,
302 662 345 712 ubi
356 660 439 711 audito
451 661 579 711 stimulant
590 661 713 711 trieterica
724 662 820 712 Baocho

191 752 277 815 Orgia,
288 760 471 814 nocturnusque
481 759 551 801 vocat
560 752 668 801 clamore
681 751 815 806 Citheron.

189 841 299 892 Tandem
310 841 350 890 his
360 843 455 891 AEueun
467 842 590 904 conpellat
600 839 698 890 vocibus
709 841 789 889 ultro:

106 1001 109 1004 Α
222 930 384 980 Dissimulare
395 931 470 981 etiam
481 930 596 994 sperasti,
608 930 711 993 perfide,
723 938 819 980 tautum

189 1023 265 1072 Posse
276 1022 344 1071 nefas
354 1024 363 1072 ἓ
383 1022 519 1086 tacitusque
530 1037 586 1072 mea
596 1020 711 1071 decedere
722 1023 806 1070 terra?

193 1113 244 1161 Nee
255 1118 280 1161 te
290 1121 374 1161 noster
387 1127 468 1174 amor,
479 1128 524 1163 nec
535 1121 560 1162 te
571 1113 628 1162 data
638 1112 738 1162 dextera
749 1112 883 1175 quondam,

190 1203 242 1250 Neo
252 1203 373 1252 moritura
382 1210 450 1253 tenet
459 1203 553 1253 erudeli
565 1204 651 1252 funere
662 1201 746 1251 Dido?

76 1361 81 1372 ι
189 1291 257 1346 Quln
268 1291 342 1342 etlam
354 1292 458 1342 hiberno
471 1293 567 1342 moliris
578 1292 657 1341 sidere
667 1291 780 1351 classem,

188 1382 222 1431 Et
232 1380 319 1431 mediis
329 1396 445 1446 properas
455 1380 620 1445 Aquilonibus
632 1382 667 1430 lre
678 1395 720 1444 per
732 1381 820 1440 altum,

190 1471 323 1520 Crudelis?
359 1470 442 1527 Quid?
462 1472 483 1521 si
494 1480 544 1521 non
557 1487 615 1522 arna
626 1471 706 1520 aliena
717 1471 850 1533 domosque

188 1562 288 1623 Ignotae
299 1565 412 1626 peteres.²
431 1570 457 1612 et
466 1565 543 1624 Troja
554 1562 654 1626 antiqua
664 1562 792 1610 maneret?

187 1651 264 1712 'rrojs
272 1666 315 1715 per
325 1652 448 1701 undosum
460 1661 582 1716 peteretur
592 1651 710 1702 elassibus
721 1653 824 1714 aequor?

188 1740 264 1789 Mene
274 1740 338 1802 fugis
349 1743 359 1789 ἓ
395 1742 442 1789 Per
457 1755 502 1802 ego
513 1742 557 1790 has
567 1740 691 1801 lacrimas,
705 1739 865 1802 dextramque
875 1746 943 1789 tuam
955 1746 990 1800 te,

191 1829 308 1892 (Quando
319 1829 386 1878 aliud
396 1830 458 1879 mihi
464 1832 516 1891 jam
527 1830 623 1880 miserae
634 1830 697 1880 nihil
709 1829 762 1892 ipsa
772 1829 871 1894 reliqui)

188 1920 235 1967 Per
246 1919 369 1968 oonnubia
380 1927 474 1979 norma,
485 1935 528 1983 per
540 1920 648 1983 inceptos
662 1923 823 1984 Hymenaeos3

186 2008 213 2057 Si
224 2009 286 2057 bene
297 2008 395 2071 quidde
405 2016 430 2058 te
442 2007 532 2069 merui,
544 2008 591 2058 luia
602 2018 645 2059 aut
655 2009 700 2058 tlbi
712 2009 844 2073 quidquam

187 2097 264 2146 Dulce
274 2111 370 2147 meum:
389 2097 504 2148 miserere
514 2098 602 2148 domus
612 2098 727 2160 labentis,
738 2106 763 2148 et
773 2099 856 2161 istam,

185 2187 250 2247 Oro,
258 2186 280 2236 si
290 2187 344 2251 quis
355 2189 434 2239 adhuc
444 2190 555 2254 precibus
566 2191 646 2251 locus,
657 2205 720 2240 exue
730 2197 845 2240 mentem.

184 2279 222 2327 Te
232 2286 331 2343 propter
342 2279 436 2344 uibyoe
448 2288 531 2340 genoes
543 2259 732 2344 Nomadumque
742 2279 839 2344 tyranni

185 2367 281 2432 odere,
298 2368 387 2418 infensi
397 2369 482 2432 Tyrii3
499 2376 525 2418 te
537 2377 635 2432 propter
647 2369 759 2420 eumdem

184 2458 326 2508 Exsdnoms
337 2459 427 2522 pudor,
437 2466 472 2520 et,
485 2473 533 2522 qua
543 2460 597 2508 sola
608 2459 689 2510 sidera
699 2459 805 2519 adibam,

184 2549 259 2597 Fama
269 2547 354 2611 prior,
371 2549 411 2596 cui
423 2562 462 2596 me
473 2548 645 2598 moribundam
657 2549 759 2611 deseris,
770 2549 878 2614 hospes?

184 2639 238 2686 Hoc
249 2637 330 2684 solum
341 2650 432 2685 nomen
443 2635 559 2697 quoniam
569 2637 600 2684 de
610 2639 712 2698 conjuge
723 2645 805 2687 restat.

182 2725 249 2781 Quid
257 2726 359 2774 moror?
378 2738 410 2772 an
422 2736 476 2772 mee
487 2725 629 2787 Pygmalion
641 2724 701 2772 dum
712 2725 803 2776 moenia
813 2727 889 2777 frater

181 2816 307 2875 Destruet,
319 2820 362 2862 aut
370 2822 465 2879 raptam
475 2813 548 2862 ducat
558 2813 668 2862 Gaetulus
680 2814 762 2863 Iarbas
771 2817 781 2863 ἓ

181 2904 274 2955 Saltem
286 2903 307 2954 si
318 2916 367 2967 qua
377 2903 438 2952 mihi
449 2903 479 2952 de
490 2910 514 2952 te
526 2909 637 2966 suscepta
647 2902 734 2952 fuisset
867 2897 869 2900 ’
974 2925 984 2952 s

180 2994 245 3044 Ante
254 2995 337 3056 fugam
349 2995 464 3056 suboles3
481 2989 567 3055 siquis
579 2991 641 3041 mihi
652 2994 766 3056 parvulus
778 2994 836 3044 aula

181 3086 288 3136 Luderet
297 3087 399 3147 AEneas,
411 3085 453 3148 qui
465 3092 489 3133 oe
499 3091 582 3133 tamen
594 3098 637 3134 ore
648 3084 750 3133 referret
760 3103 768 3146 3

180 3177 238 3225 Non
249 3173 360 3239 equidem
370 3173 473 3224 omnino
485 3181 555 3239 ospes
564 3187 592 3223 ac
603 3173 699 3224 deserta
709 3173 810 3224 viderer.
