2334 3734
396 526 554 577 AENEiDOS
571 528 635 577 ΜΒ.
648 529 678 577 V.
781 559 783 564 ·
909 529 955 576 241

151 660 264 708 Tantusne
275 665 325 708 tam
338 656 433 721 patiens
444 658 515 707 nulio
526 657 663 706 certamine*
672 656 727 720 tolli

151 747 224 796 Dona
234 746 319 795 sines?
338 746 379 795 ubi
388 761 454 795 nune
464 745 537 795 nobis
548 746 608 795 deus
619 745 672 807 ille,
684 745 799 808 magister

152 835 324 900 Nequidquam
334 832 495 896 memoratis}
507 837 593 899 Eryx?
614 837 654 884 ubi
665 837 731 885 fame
739 849 891 898 peromnem

151 926 317 987 minues-iam,
329 934 355 976 et
366 926 445 989 spolia
455 925 500 974 illu
509 926 558 974 tntis
569 925 700 990 pendentia
710 925 798 976 tectis?

153 1019 199 1068 lile
209 1018 256 1067 sub
264 1018 329 1067 hnc:
347 1018 406 1066 Non
417 1017 496 1066 lendis
506 1031 587 1079 um0r3
599 1033 643 1067 nec
655 1018 733 1080 gloria
743 1018 817 1068 cessit

154 1108 230 1158 Pulsa
240 1115 325 1169 metu;
341 1107 385 1156 sed
396 1107 463 1156 enim
475 1107 569 1170 gelidus
580 1108 692 1158 tardante
704 1116 802 1158 senecta

154 1197 259 1260 Sanguis
270 1198 353 1258 hebet,
364 1197 501 1260 frigentque
511 1198 589 1246 effetae
600 1198 626 1246 in
637 1212 740 1260 corpore
751 1197 823 1247 vires.

157 1288 186 1339 Si
195 1286 267 1349 mihi,
278 1303 332 1350 quus
343 1287 467 1350 quondam
478 1287 567 1348 fuerat,
579 1300 673 1350 queque
685 1286 802 1350 inprobus
813 1285 859 1336 iste

157 1378 273 1427 Exsultut
283 1377 370 1438 fidens,
384 1377 406 1442 si
417 1392 483 1427 nune
494 1378 560 1427 feret
571 1378 615 1426 iila
626 1378 758 1427 inventes:

158 1468 231 1518 Haud
240 1468 353 1532 equidem
359 1469 443 1532 pretio
455 1467 569 1518 inductus
581 1469 716 1531 pulcroque
724 1469 828 1529 iuvenco

157 1558 285 1609 venissem
295 1579 303 1621 3
321 1574 366 1608 nec
377 1559 442 1608 done
452 1573 545 1608 moror.
578 1559 619 1609 Sic
631 1558 718 1608 deinde
730 1560 836 1620 locutus,

160 1653 189 1700 ln
199 1651 306 1701 medium
316 1652 427 1714 geminos
439 1652 533 1702 inmuni
544 1652 653 1715 pondere
664 1660 756 1702 cestus·

160 1742 284 1805 Projecit3
301 1743 389 1805 quibus
400 1757 456 1792 aner
466 1745 533 1808 Eryx
544 1743 570 1792 in
581 1743 670 1807 proeliu
680 1751 763 1792 suetus

163 1834 237 1882 Ferre
247 1846 358 1894 manum,
369 1832 480 1895 denoque
490 1833 619 1906 intendere
628 1833 729 1884 brechia
739 1840 816 1895 tergo.

164 1923 318 1986 Obstupuere
328 1923 421 1973 animi:
438 1932 564 1973 tenturum
575 1924 683 1986 ingentia
694 1931 786 1988 septem

162 2014 243 2074 Terga
252 2015 328 2062 boum
339 2013 440 2075 plumbo
451 2012 534 2062 insutu
545 2014 658 2076 ferroque
669 2013 787 2075 rigebant.

165 2102 230 2150 Ante
241 2101 322 2151 omnis
334 2109 415 2164 stupet
424 2101 477 2163 ipse
488 2102 703 2164 Dares-longeque
714 2107 824 2162 recusat3

101 2185 110 2198 ’
167 2190 386 2253 Magnanimusqne
396 2189 557 2239 Anchisiades
569 2198 595 2239 et
606 2190 700 2253 pondus
711 2197 735 2239 et
746 2190 799 2252 ipsa

167 2283 222 2330 Huc
233 2281 293 2330 illue
305 2280 441 2330 vinclorum
453 2280 566 2329 inmensa
575 2281 702 2329 volumine
712 2286 799 2328 versat.

166 2372 232 2420 Tum
244 2371 327 2420 senior
336 2371 393 2420 tniis
404 2371 525 2420 referebat
535 2379 633 2434 pectore
644 2383 728 2418 voees:

169 2459 245 2521 Quid,
256 2459 278 2508 si
290 2461 344 2522 quis
354 2468 433 2509 cestus
445 2460 521 2522 ipsius
533 2467 559 2508 et
571 2458 684 2508 Hermslis
696 2471 765 2513 asma

168 2548 286 2610 Vidisset,
297 2549 441 2611 tristemque
451 2550 498 2598 hoc
510 2549 564 2612 ipsu
575 2549 601 2596 in
611 2548 684 2597 litore
694 2559 799 2611 pugnam
811 2547 820 2594 ἓ

170 2641 230 2688 Haec
239 2653 369 2700 germnnm
380 2641 446 2704 Eryx
456 2639 580 2703 quondum
591 2647 647 2688 tuus
658 2651 727 2686 arma
737 2637 842 2698 gerebat.

170 2729 294 2791 Sanguine
304 2728 385 2778 uernis
396 2729 475 2778 adhuc
486 2730 610 2791 fractoque
621 2727 711 2776 infeste
721 2727 830 2775 cerebro.

172 2818 219 2868 iiis
230 2833 347 2880 magnum
357 2819 461 2868 Alciden
472 2826 559 2868 contm
569 2817 653 2878 stetit3
670 2815 709 2864 his
720 2828 764 2876 ego
774 2821 857 2863 suetus
868 2833 873 2860 =

172 2910 237 2958 Dum
248 2908 337 2957 melior
347 2908 411 2957 vires
421 2908 518 2969 sanguis
528 2907 611 2965 dubet,
623 2905 711 2954 emula
720 2902 824 2952 neudum

173 2998 336 3060 Temporibus
348 2995 453 3059 geminis
464 2999 566 3046 mnebat
575 3007 659 3059 sparsa
669 3002 789 3043 senectus.

174 3084 234 3148 Sed,
246 3087 268 3135 si
279 3094 366 3136 nosne
375 3086 453 3134 Dares
463 3085 516 3134 Me
525 3084 615 3134 'liuius
626 3095 695 3132 erma
706 3087 810 3140 recuset,
854 3109 856 3113 .
912 3095 915 3100 ·
973 3123 977 3134 ,

176 3176 252 3239 quue
262 3176 304 3241 piu
314 3175 383 3227 sedet
393 3176 488 3236 AEneoe,
499 3175 585 3238 pmbnt
596 3180 680 3246 unctor
691 3174 804 3220 Acestem

569 3276 587 3311 u
