2334 3734
418 461 576 518 AENEIDOS
594 466 657 518 LIB.
674 469 742 519 Viil.
936 472 983 523 set

182 585 245 639 'reis
255 589 415 654 Latinorum
432 598 593 656 septenosque
603 596 704 645 orbibus
715 597 781 647 orbis

94 662 102 674 ’
184 680 322 743 inpediunt.
354 680 405 729 Alii
416 681 522 731 ventosis
533 683 634 733 follibus
645 698 716 733 nurus

182 768 317 831 Adcipiuut
325 768 492 831 redduntque:
510 771 553 821 alii
563 771 692 821 stridentia
702 772 817 835 tinguuut

88 924 93 930 „
184 857 317 905 AEralacu.
351 857 434 906 Gemit
443 858 555 921 inpositis
565 859 694 909 incudibus
706 869 812 913 anuum.

185 946 225 994 illi
235 946 300 995 inter
311 960 365 995 sese
374 948 453 995 multa
462 947 487 995 vi
497 948 596 997 brachia
606 950 698 999 tollunt

185 1036 214 1083 In
225 1049 367 1094 numerum,
378 1043 522 1097 versantque
532 1036 611 1085 tenaci
621 1038 713 1101 forcipe
725 1051 838 1087 mmscm.

219 1126 278 1173 Haec
288 1133 357 1187 pater
365 1124 456 1195 AEoliis
467 1134 582 1188 properat
591 1126 650 1175 dum
662 1126 778 1177 Lemnius
790 1130 855 1177 oris:

186 1212 326 1262 Evandrum
336 1227 367 1261 ex
378 1212 467 1269 humili
478 1221 542 1263 tecto
553 1215 600 1261 lun¹
608 1214 708 1264 suscitat
718 1217 793 1277 alma,

186 1303 219 1351 Et
228 1301 343 1350 matutini
352 1303 481 1351 volucrum
492 1303 537 1351 sub
546 1302 655 1351 culmine
666 1312 761 1353 centus.
847 1316 851 1325 “

188 1392 319 1452 Consurgit
329 1391 422 1452 senior,
432 1393 562 1455 tunicaque
573 1392 697 1458 inducitur
709 1399 786 1453 artus,

187 1482 220 1529 Et
228 1481 356 1544 Tyrrhena
365 1480 454 1543 pedum
465 1480 601 1529 circumdat
611 1481 709 1529 vincula
718 1480 807 1544 plantis
816 1500 825 1542 ;

186 1570 252 1616 'ium
262 1568 334 1617 lateri
344 1576 417 1629 atque
426 1569 535 1617 humeris
547 1570 676 1629 Tegeaeum
687 1568 791 1629 subligat
801 1583 894 1628 ensem,

187 1657 299 1705 Demissa
307 1658 338 1705 ab
349 1657 411 1705 laeva
419 1658 543 1719 panthere
553 1660 623 1718 terge
632 1664 784 1719 retorquens.

188 1744 241 1793 Nec
252 1758 303 1792 non
313 1752 339 1793 et
348 1744 438 1805 gemini
447 1743 558 1795 custodes
570 1745 656 1795 limine
666 1746 698 1794 ab
707 1746 758 1797 alto

190 1834 332 1883 Precedunt
342 1849 499 1897 gressumque
508 1848 580 1883 cenes
591 1834 738 1885 comitantur
749 1834 862 1899 herilemf

190 1922 298 1985 Hospitis
308 1924 393 1972 AEnere
403 1923 486 1973 sedem
496 1931 521 1971 et
532 1933 624 1982 secreta
634 1926 741 1989 petebat,

190 2013 336 2069 Sermonum
347 2027 442 2061 memor
453 2020 478 2061 et
488 2013 602 2082 promissi
613 2014 731 2075 muneris,
742 2012 823 2062 heros.

190 2103 242 2150 Nec
253 2101 337 2149 minus
344 2099 435 2148 AEneas
445 2114 472 2149 se
482 2101 616 2149 matutinus
627 2102 718 2161 agebat.

191 2189 268 2242 Filius
278 2188 336 2239 huic
348 2188 439 2247 Pallas,
450 2188 489 2236 illi
499 2202 581 2236 comes
592 2187 642 2235 ibat
652 2189 765 2237 Achate.

193 2276 322 2339 Congressi
330 2280 437 2338 jungunt
447 2276 557 2336 dextras,
569 2275 704 2336 mediisque
714 2272 824 2321 residunt

142 2403 146 2409 ,
192 2367 307 2427 AEdibus,
318 2375 343 2415 et
352 2365 420 2415 licito
430 2364 528 2415 nudam
540 2377 654 2413 sermone
665 2364 790 2411 fruuntur.

192 2458 246 2505 Rex
256 2456 323 2521 prior
332 2456 399 2505 hec:

193 2546 310 2595 Maxume
319 2547 471 2595 Teucrorum
482 2543 579 2601 ductor,
591 2552 639 2602 quo
650 2536 740 2602 sospite
750 2548 881 2597 numquam

194 2623 241 2684 Res
252 2635 362 2697 equidem
372 2632 539 2695 'iioJ'oeRvictas
551 2637 593 2679 aut
604 2642 679 2691 regna
688 2626 798 2689 iateb0r3

195 2725 274 2774 Nobis
286 2725 317 2773 ad
325 2724 385 2774 beili
394 2704 514 2775 auxilium
526 2736 570 2785 pro
581 2719 682 2771 nomine
692 2724 761 2767 tauto

195 2814 295 2875 Exigua
304 2813 376 2862 vires.
410 2813 474 2863 Hinc
485 2814 565 2861 Tusco
575 2808 712 2859 claudimur
722 2802 800 2862 amni,

197 2902 261 2951 Hinc
271 2902 376 2951 Rutulus
385 2900 485 2963 premit,
496 2907 521 2949 et
531 2912 629 2948 murum
640 2894 804 2944 circumsonat
811 2886 897 2937 ‘armis
1001 2888 1003 2893 '

197 2992 245 3043 Sed
254 2991 299 3054 tibi
310 3006 354 3053 ego
363 2989 468 3052 ingentis
478 2990 580 3052 populos
591 2987 753 3049 opulentaque
764 2978 844 3041 regnis

197 3085 305 3147 iungere
315 3088 395 3131 mstis
404 3094 477 3144 paro:
492 3092 565 3141 quam
575 3078 628 3127 fors
638 3074 739 3139 inopina
750 3072 853 3121 salutem

587 3180 604 3215 n
