2334 3734
247 523 276 570 68
471 530 498 575 P.
514 526 651 576 VlRGlLll
668 517 821 573 MARONlS

247 655 337 714 Etiam
350 653 451 702 maturis
462 653 605 704 metuendus
615 652 728 715 luppiter
737 651 799 700 uris.

281 742 382 800 Contra,
393 756 443 789 non
453 742 505 789 ulla
515 749 553 790 est
563 741 625 790 oleis
635 742 744 790 cultrua:
762 754 840 801 neque
851 739 903 787 illoe
951 787 961 792 ,

248 831 395 877 procurvam
405 836 544 893 exspectant
553 830 641 879 lalcem
653 837 791 890 rastrosque
801 836 908 886 tenaces,

249 916 331 970 Quum
343 919 418 965 semel
428 917 553 967 haeserunt
562 918 636 978 arvis,
647 930 764 978 uiuasque
774 915 891 965 tulerunt.

250 1005 305 1066 lpsa
315 1005 373 1054 satis
383 1007 467 1065 tellus,
478 1021 553 1069 quum
564 1007 636 1055 deute
646 1006 778 1054 recluditur
787 1020 859 1064 unco,

250 1092 343 1141 Sufficit
352 1093 492 1154 humorem,
503 1103 527 1143 et
537 1094 646 1154 gravidas
656 1108 712 1142 cum
722 1107 821 1141 vomere
830 1093 918 1153 fruges

251 1181 304 1228 Hoc
317 1180 429 1242 pinguem
440 1189 466 1230 et
474 1181 588 1244 placitam
603 1182 659 1230 Paci
670 1182 776 1230 nutritor
787 1181 883 1229 olivam.

283 1271 360 1318 Poma
370 1285 475 1332 quoque,
486 1278 515 1318 ut
526 1271 632 1332 primurn
643 1279 743 1319 truncos
754 1283 851 1319 sensere
860 1267 973 1328 valentis,

252 1358 285 1405 Et
293 1357 357 1404 vires
368 1358 473 1406 habuere
485 1372 550 1418 suas,
562 1359 594 1406 ad
603 1358 682 1406 sidera
692 1358 779 1421 raptim

251 1445 282 1494 Vi
294 1446 391 1508 propria
400 1447 520 1508 nituntur,
532 1447 708 1510 opisque'hsud
718 1447 799 1509 indiga
808 1456 906 1497 nostru,

285 1536 337 1582 Nec
349 1535 430 1583 minus
441 1534 535 1584 interea
544 1537 596 1585 fetu
606 1550 692 1585 nemus
703 1551 775 1585 omne
786 1536 912 1596 gravescit,

253 1622 442 1684 Sanguineisque
453 1624 546 1672 inculta
556 1626 645 1673 rubent
654 1624 743 1673 aviaria
752 1624 839 1673 baccis.

252 1710 395 1759 Tondentur
406 1711 485 1774 cytisi,
496 1712 571 1761 tsedas
582 1713 643 1761 silva
651 1714 701 1761 alta
711 1713 843 1772 ministrat,

254 1800 434 1861 pascunturque
445 1801 511 1860 ignes
522 1795 651 1860 nocturni,
658 1809 683 1850 et
693 1801 786 1849 lumina
795 1801 907 1849 fundunt.

252 1888 285 1935 Et
295 1887 405 1936 dubitant
414 1889 526 1937 homines
538 1903 628 1949 serere,
640 1900 712 1951 atque
719 1891 849 1953 inpendere
859 1904 940 1938 curam
951 1893 961 1939 ἓ

254 1974 318 2028 Quid
330 1978 423 2036 majora
434 1979 539 2038 sequar?
558 1978 643 2026 salices
654 1979 806 2040 humilesque
815 1985 930 2038 genestoe,

253 2066 304 2112 Aut
315 2065 363 2113 illae
374 2065 454 2128 pecori
465 2066 588 2126 frondem,
599 2075 642 2115 aut
650 2068 787 2130 pastoribus
797 2069 896 2116 umbras

253 2153 396 2214 Sufficiunt3
413 2167 547 2216 rupemque
557 2155 625 2215 satis,
637 2163 661 2205 et
671 2156 758 2218 pabula
770 2156 846 2206 melli.

251 2241 283 2288 Et
290 2243 359 2300 juvat
368 2241 499 2290 undantem
510 2243 576 2290 buxo
588 2251 694 2304 spectare
706 2245 832 2306 Cytorum,

253 2329 411 2390 Naryciaeque
421 2329 479 2392 picis
489 2331 574 2392 lacos;
588 2333 657 2390 jurat
667 2345 723 2378 arva
733 2331 815 2380 ridere

253 2418 309 2465 Non
320 2418 413 2478 rastris,
425 2417 553 2467 hominum
565 2433 614 2467 non
626 2419 671 2467 ulli
683 2421 790 2469 obnoxia
800 2435 872 2470 curn.

252 2505 314 2568 lpsae
328 2506 443 2555 Caucasio
454 2507 548 2556 steriles
559 2508 586 2555 in
597 2509 686 2557 vertice
696 2509 774 2569 silvae,

253 2592 319 2646 Quas
330 2593 433 2641 animosi
443 2595 504 2641 Euri
515 2595 614 2643 adsidue
624 2596 784 2659 frangrmtque
794 2597 932 2660 feruntque,

252 2682 318 2729 Dant
327 2681 388 2730 alios
399 2681 452 2729 aliae
462 2677 542 2743 fetus3
559 2684 619 2731 dant
628 2684 689 2732 utile
698 2685 791 2746 lignum

253 2768 359 2829 Navigiis
370 2769 449 2831 pinos,
460 2767 571 2819 domibus
582 2766 728 2835 cedrumque
738 2789 918 2837 cupressosque.

253 2855 317 2904 Hinc
327 2856 407 2905 radios
417 2857 504 2906 trivere
515 2860 586 2919 rotis,
597 2860 654 2909 hinc
663 2869 775 2924 tympana
784 2845 909 2925 plaustris

252 2942 383 3004 Agricola,
394 2953 419 2993 et
429 2943 517 3007 pandas
528 2946 620 2996 ratibus
631 2963 733 3013 posuere
743 2950 845 3000 carinas.

252 3030 388 3081 viminibus
398 3032 483 3082 salices
493 3034 610 3093 iecundsc,
623 3035 747 3085 frondibus
759 3038 833 3088 ulmi:

250 3120 283 3167 At
293 3127 385 3182 myrtus
396 3120 480 3170 validis
491 3120 627 3182 hastilibus,
639 3129 664 3170 et
673 3123 737 3171 bona
747 3125 812 3173 bello
