2334 3734
361 525 559 577 GEORGICON
576 529 642 577 Lis:
657 529 699 576 lV.

130 655 218 704 Dulcia
229 656 305 704 mella
315 643 426 719 premes3
444 661 488 705 nec
499 664 595 705 tantum
606 656 697 718 dulcia,
709 664 827 718 quantum

131 746 162 793 ht
172 744 278 808 liquida,
290 752 316 794 et
326 747 413 794 durum
425 747 514 796 Bacchi
524 747 648 797 domitura
657 761 777 812 saporem.

162 835 197 883 At
207 849 285 896 quum
295 835 388 884 incerta
397 836 491 897 volant,
500 839 611 899 coeloque
622 837 736 886 examina
746 835 845 896 ludunt,

131 924 349 986 contemnuntque
360 925 437 986 favos,
449 934 474 975 et
484 926 573 987 frigida
583 933 648 974 tecta
658 926 814 988 relinquunt:

131 1015 256 1064 lnstahilis
268 1016 363 1065 animos
373 1016 432 1065 ludo
443 1016 581 1080 prohibebis
594 1016 669 1066 inani.

132 1107 183 1154 Nec
191 1119 297 1167 magnus
308 1107 437 1169 prohibere
447 1107 525 1155 labor.
557 1108 598 1156 Tu
609 1106 706 1168 rombus
717 1107 767 1155 alas

131 1195 213 1258 Eripe.
248 1197 306 1244 Non
318 1195 367 1244 illis
378 1196 505 1258 quisquam
516 1195 687 1244 cunctantibus
698 1195 775 1244 dmm

131 1287 169 1334 lre
181 1285 240 1345 iter,
253 1291 296 1332 aut
305 1285 390 1334 castris
401 1285 499 1334 audebit
510 1285 600 1334 vellere
610 1285 686 1345 signa.

131 1373 239 1422 Invitent
249 1373 341 1421 croceis
352 1375 462 1424 halantes
473 1373 574 1422 floribus
585 1372 663 1432 horti,

131 1471 164 1518 Et
174 1477 258 1518 custos
269 1470 353 1538 hurum
363 1476 435 1530 atque
445 1468 526 1517 arium
537 1482 595 1516 cum
605 1467 668 1516 falce
679 1467 773 1528 saligna

134 1558 325 1622 Hellespontiaci
337 1565 415 1606 servet
425 1558 502 1606 tutela
513 1556 605 1619 Priapi.

134 1650 188 1712 lpse
200 1633 312 1712 munium
323 1648 441 1711 'pinosque
451 1649 532 1697 feren
538 1647 574 1696 ·de
582 1646 705 1696 montibus
716 1647 773 1696 altis

133 1739 208 1786 'lecta
218 1745 284 1786 serat
291 1739 340 1786 late
351 1727 454 1798 circum,
463 1737 503 1786 cui
515 1736 574 1786 talia
582 1749 666 1798 curm

134 1828 189 1890 lpse
200 1827 285 1876 labore
295 1841 394 1875 manum
405 1826 467 1875 duro
478 1833 557 1888 terat3
574 1826 627 1889 ipse
639 1824 726 1874 feracis

135 1917 203 1978 Figat
213 1918 290 1966 humo
300 1919 405 1980 plantas,
418 1925 443 1966 et
452 1917 543 1966 amicos
555 1916 645 1977 inriget
655 1915 749 1964 imbris.

166 2008 246 2068 Atque
256 2006 367 2068 equidem
376 2026 385 2068 ;
402 2013 512 2054 extremo
524 2005 549 2052 ni
558 2006 610 2065 jam
621 2004 666 2051 sub
677 2004 726 2052 fine
736 2004 848 2052 laborum

134 2096 195 2144 Vela
204 2096 314 2155 traham,
325 2103 350 2144 et
360 2094 431 2143 terris
443 2095 555 2146 festinem
567 2093 692 2142 advertere
702 2107 819 2157 proram3

136 2185 247 2234 Forsitan
255 2192 290 2245 et,
301 2184 397 2248 pinguis
409 2184 494 2232 hortos
506 2197 562 2245 quae
574 2196 633 2231 cura
643 2182 741 2230 colendi

138 2275 254 2335 Omaret,
265 2288 388 2333 canerem,
400 2273 519 2335 biferique
530 2273 625 2322 rosaria
635 2271 727 2333 Pani,

137 2365 239 2426 Quoque
250 2363 324 2411 modo
335 2361 398 2425 potis
410 2361 542 2423 gauderent
553 2361 639 2410 intnha
648 2359 717 2420 rivis,

137 2455 169 2502 Et
180 2453 269 2502 virides
281 2453 336 2516 apio
348 2453 423 2516 ripae3
440 2460 567 2514 tortusque
578 2465 622 2514 per
633 2451 742 2498 herbam,

138 2543 264 2592 Crseceret
274 2541 301 2590 in
313 2517 427 2591 ventrem¹
434 2541 541 2590 cucumis
551 2561 558 2602 ;
576 2555 622 2588 nec
633 2552 687 2588 sera
696 2543 834 2585 minantem

138 2634 291 2694 Narcissum,
303 2643 345 2683 aut
355 2634 414 2682 flexi
424 2633 553 2681 tacuissem
562 2631 643 2678 vimen
654 2627 761 2689 acanthi,

138 2724 303 2786 Pallantisque
313 2725 407 2784 ederas,
420 2732 444 2772 et
455 2722 559 2772 amantis
570 2722 644 2770 litora
653 2727 754 2782 myrtos.

138 2815 251 2876 Namque
263 2816 308 2862 sub
319 2813 423 2862 OEbaliae
435 2811 536 2861 memini
547 2825 587 2860 me
597 2810 706 2858 turribus
718 2808 791 2868 arcis,

138 2903 194 2956 Qua
204 2902 273 2963 niger
283 2903 407 2950 humectat
418 2901 531 2949 flaventia
540 2900 608 2948 culta
618 2899 740 2957 Galaesus,

139 2991 271 3055 Corycium
281 2991 369 3040 vidisse
380 3003 475 3050 senem,
486 2990 525 3038 cui
534 3003 610 3053 panca
620 2987 699 3036 relicti

138 3075 232 3134 iugera
243 3073 307 3122 ruris
319 3082 406 3136 erant3
424 3088 468 3122 nec
480 3072 568 3121 fertilis
579 3071 624 3119 illa
632 3068 751 3131 juvencis,

141 3165 193 3212 Nec
202 3163 285 3227 pecori
294 3170 432 3228 opportuna
442 3175 520 3223 seges,
532 3175 576 3212 nee
588 3173 675 3209 comm
682 3158 730 3207 oda
740 3155 845 3206 Baccho.
858 3177 863 3186 ·

901 519 942 577 m·
