2334 3734
397 537 556 590 AENEIDOS
572 540 636 591 ulo.
654 543 699 592 iii.

171 661 280 723 Virginei
290 663 418 716 volucrum
428 669 519 730 voluso,
532 669 668 720 foedissimu
678 673 769 723 ventris

171 737 307 818 Proluvics,
319 772 435 821 unoaeque
447 773 544 822 manus,
555 769 581 810 ct
591 762 683 824 pallida
692 777 788 827 semper

170 842 223 892 Ora
233 844 305 895 fame.
643 895 646 900 .

205 934 259 984 Huc
271 934 313 982 ubi
321 935 394 985 delati
404 945 490 1000 portus
501 939 662 992 intravimus:
679 957 736 992 ecoe

171 1024 238 1072 Laeta
247 1025 323 1073 boum
333 1026 423 1088 passim
435 1028 526 1092 campis
537 1040 648 1082 armenta
658 1033 778 1095 videmus,

172 1114 381 1178 caprigenumque
390 1132 475 1180 pecus,
486 1121 555 1170 nullo
566 1123 676 1184 custode,
688 1138 732 1186 per
741 1125 838 1175 herbas.

172 1206 295 1257 Inruimus
306 1211 383 1269 ferro,
395 1218 420 1260 et
431 1210 499 1261 divos
510 1213 639 1276 ipsumque
649 1228 764 1264 vocamus

172 1296 200 1343 ln
211 1303 304 1359 partem
315 1298 469 1362 praedamque
479 1302 576 1351 iovem.
609 1305 675 1350 Tum
686 1303 759 1353 liuore
768 1319 844 1354 curvo

171 1387 374 1450 Exstruimusque
384 1399 464 1452 toros,
476 1391 624 1454 dapibusque
634 1395 762 1456 epulamur
772 1394 869 1458 opimis.

170 1478 205 1526 At
211 1477 300 1527 'subitae
311 1479 427 1530 horrifico
438 1482 509 1544 lapsu
520 1481 550 1531 do
561 1483 685 1532 montibus
696 1484 785 1533 adsum

171 1567 295 1631 Harpyiae,
307 1576 332 1618 et
343 1570 437 1632 mugnis
448 1570 562 1633 quatiunt
572 1573 728 1634 clangoribus
737 1574 800 1637 aluo,

171 1657 342 1722 Diripiantque
350 1660 433 1724 dapes,
446 1669 607 1726 contactuque
618 1663 703 1712 omnio
714 1664 807 1714 {cedunt

172 1748 293 1798 inmundo
302 1770 310 1812 3
327 1758 381 1800 tum
392 1767 440 1802 vox
450 1760 540 1802 tetrum
551 1754 605 1804 dira
615 1754 680 1804 iuter
690 1754 800 1805 odorem.

172 1839 279 1888 Rursum
290 1839 316 1888 in
327 1855 422 1890 secessu
433 1845 507 1905 longo
518 1845 563 1894 sub
574 1859 634 1908 rupe
643 1853 737 1908 cavom,

171 1929 307 1980 Arboribus
317 1932 394 1981 clausi
405 1933 496 1983 circum
506 1943 578 1998 arque
590 1936 748 1985 horrentibus
758 1935 864 1996 umbris,

174 2020 320 2069 lustruimus
332 2035 438 2084 meuses,
450 2023 546 2086 arisque
557 2025 700 2087 reponimus
711 2026 800 2086 ignem.

174 2112 280 2160 Rursum
291 2126 322 2161 cx
333 2111 427 2162 diuerso
438 2113 495 2162 coeli
505 2113 623 2176 orecisque
630 2114 730 2164 latebris

173 2204 256 2252 Turba
266 2217 357 2252 sonans
369 2203 476 2266 praedum
487 2204 590 2266 pedibus
600 2205 760 2257 circumvolat
769 2207 839 2256 uocis
850 2229 858 2270 ς

173 2294 265 2343 Polluit
276 2306 320 2341 ore
330 2292 410 2355 dapes.
444 2292 522 2342 Sociis
533 2301 603 2354 tunc,
614 2308 684 2343 armo
691 2305 828 2358 capessam,

173 2383 261 2446 Edico,
272 2392 297 2433 et
308 2382 363 2432 dira
373 2383 466 2432 bellum
477 2397 533 2432 cum
544 2391 616 2444 gente
626 2384 768 2444 gerendum.

175 2475 247 2524 Huud
254 2489 323 2525 secus
334 2489 362 2524 uc
370 2473 434 2536 jussi
444 2473 548 2534 iaciunt,
558 2480 683 2536 murosque
690 2487 733 2536 per
744 2474 843 2522 herbam

173 2566 313 2630 Disponunt
323 2565 400 2625 ensis,
410 2572 436 2614 et
446 2571 515 2614 scuto
524 2563 626 2614 latentia
634 2564 752 2614 condunt.

175 2658 250 2718 Ergo,
262 2656 304 2704 ubi
315 2656 417 2719 deiupsae
429 2655 537 2704 sonitum
548 2669 593 2718 per
603 2667 678 2703 curvo
687 2653 776 2704 dedere

174 2746 267 2806 Litora,
279 2745 321 2794 dat
331 2745 428 2807 signum
438 2745 535 2809 specula
546 2743 657 2794 Misenus
668 2745 699 2793 ab
710 2745 761 2794 alta

175 2837 234 2888 AEre
242 2849 309 2885 cavo.
343 2835 463 2884 Invadunt
473 2834 544 2894 socii,
555 2843 580 2883 et
590 2848 655 2884 nova
665 2834 752 2898 proelio
761 2841 867 2894 tentum,

176 2925 300 2976 Obscenos
312 2924 389 2988 pelagi
400 2924 466 2972 ferro
478 2923 569 2972 soedere
580 2924 700 2972 volucres.

176 3016 225 3066 Sed
235 3030 313 3077 neque
322 3015 372 3064 vim
382 3014 472 3077 plumis
482 3015 571 3074 ullam,
580 3025 629 3062 uec
639 3013 740 3061 volnere
750 3020 818 3074 tergo

81 3101 84 3108 '
177 3105 310 3169 Adcipiuot
318 3103 331 3167 3'
343 3102 465 3164 celeriqde
476 3103 533 3164 iuga
542 3103 589 3152 sub
600 3102 681 3152 sideru
690 3102 764 3164 lspsae

176 3197 300 3248 Semosom
312 3193 418 3258 predum
429 3200 454 3242 et
464 3192 564 3254 vetoris
574 3191 640 3241 rods
648 3191 798 3254 relinquunt.
