2334 3734
394 504 630 574 unctuosum.
648 510 689 558 vr.

154 630 235 679 Mults
245 631 288 679 din
299 639 413 680 concrete
422 634 501 682 modis
512 633 645 684 inolescere
656 613 732 686 miris.

151 720 216 779 Ergo
227 729 371 768 exercentur
381 721 471 784 poenis,
481 729 637 785 veterumque
649 727 770 776 malorum
803 789 808 799 .

150 807 273 869 Supplicia
284 809 431 881 expendunt.
463 811 527 861 Aliae
538 813 676 873 penduntur
689 814 768 864 inanis

151 895 278 958 Suspensae
289 897 320 944 ud
331 906 433 960 venws3
450 899 505 946 aliis
516 901 562 948 sub
570 901 664 962 gnrrgite
675 910 742 951 vasto

150 983 269 1032 lniectum
280 985 371 1033 eluitur
382 987 471 1048 scelus,
484 996 526 1038 aut
535 990 646 1038 exuritur
657 990 724 1052 igni3
762 1023 772 1054 3

151 1072 259 1134 Quisque
270 1089 338 1134 suos,
349 1076 464 1138 patimur,
476 1079 577 1140 Manis3
594 1080 682 1128 exinde
693 1096 735 1143 per
746 1084 853 1144 amplum

149 1160 273 1210 Mittimur
284 1164 404 1226 Elysium,
415 1173 440 1213 et
449 1168 520 1228 pauci
530 1168 587 1216 laeta
598 1181 655 1216 arva
665 1178 790 1254 teqqmus:

151 1251 234 1299 Donec
244 1252 317 1312 longa
328 1253 389 1313 dies,
401 1255 508 1316 perfecto
520 1255 635 1317 temporis
647 1257 716 1315 orbe,

150 1339 295 1400 Concretam
305 1343 396 1391 exemit
406 1344 497 1403 labem,
509 1358 643 1406 purumque
654 1344 753 1406 reliquit

147 1428 284 1477 AEtherium
295 1445 405 1491 sensum,
417 1439 488 1494 atque
498 1432 566 1480 aurai
576 1432 692 1494 simplicis
703 1434 791 1494 ignem.

147 1517 200 1564 Hes
210 1517 302 1578 omnis,
314 1517 357 1566 ubi
368 1518 437 1567 mille
448 1528 528 1568 rotam
538 1520 635 1568 volvere
646 1505 787 1582 perennes,

151 1605 275 1655 Lethaeum
285 1607 316 1654 ad
326 1607 427 1655 fluvium
438 1587 497 1657 dens
508 1616 592 1656 evocat
604 1609 698 1669 agmine
710 1623 811 1669 magnor

149 1692 246 1741 Scilicet
255 1693 402 1750 inmemores
413 1711 500 1758 supera
509 1704 537 1745 ut
548 1709 657 1745 convexa
669 1696 783 1756 revisant,

151 1781 244 1830 Rursus
256 1791 280 1831 et
290 1783 407 1846 incipiant
416 1784 441 1832 in
454 1799 556 1848 corpora
565 1787 628 1833 velle
639 1785 736 1833 reverti.

152 1869 253 1919 Dixerat
264 1872 398 1934 Anchises3
415 1881 547 1934 natumque
558 1887 653 1934 unaque
665 1873 781 1936 Sibyllam

151 1958 290 2008 Conventus
299 1961 375 2009 trahit
385 1961 411 2010 in
423 1962 526 2022 medios,
538 1963 681 2024 turbamque
692 1970 835 2024 sonantem

150 2047 184 2094 Et
193 2049 315 2096 tumulum
325 2049 398 2111 capit,
410 2050 474 2098 unde
484 2050 565 2098 omnis
576 2023 650 2112 longo
662 2050 747 2098 ordine
758 2051 834 2112 possit

66 2133 70 2140 ”
151 2135 272 2184 Adversos
283 2138 372 2197 legere,
384 2144 410 2185 et
419 2127 559 2186 venientum·
570 2135 662 2185 discere
674 2139 762 2186 voltus.

185 2227 257 2277 Nunc
267 2239 320 2286 age,
331 2221 477 2274 Dardeniam
489 2224 583 2284 prolem
594 2238 646 2284 quse
658 2224 744 2272 deinde
755 2233 867 2285 sequatur

151 2314 245 2375 Gloria,
257 2316 297 2377 qui
308 2321 422 2362 maneant
433 2314 496 2360 Itala
504 2311 535 2359 de
546 2319 617 2372 gente
626 2319 738 2382 nepotes,

152 2404 265 2452 inlustris
275 2403 380 2461 animas,
390 2409 548 2462 nostrumque
558 2399 584 2447 in
596 2413 687 2448 nornen
698 2399 784 2457 ituras,

152 2493 285 2563 Erpediam
297 2492 377 2552 dictis,
389 2499 414 2538 et
424 2498 448 2538 te
458 2498 501 2539 tue
512 2489 561 2537 fata
572 2488 672 2550 docebo.

153 2582 208 2640 ille,
220 2580 296 2641 vides,
308 2594 369 2643 pura
375 2578 470 2640 juvenis
481 2577 522 2646 qui
534 2575 709 2636 nititurhasta,

154 2668 270 2718 Proxima
280 2675 346 2718 sorte
354 2675 422 2716 tenet
431 2666 493 2716 lucis
504 2667 575 2727 loca3
592 2664 685 2728 primus
697 2665 727 2714 ad
738 2679 808 2713 eures

151 2756 274 2805 AEtherias
285 2758 347 2804 ltalo
358 2757 496 2805 conmixtus
507 2753 623 2816 sauguine
634 2761 716 2814 surget

151 2844 252 2904 Silvius,
264 2840 386 2892 Albeuum
397 2858 498 2904 nomen,
509 2851 553 2892 tua
564 2850 675 2905 postuma
685 2843 765 2904 proles
773 2859 781 2904 ¹:

151 2936 231 2988 Quem
242 2934 286 2983 tibi
297 2936 406 2994 longaevo
416 2949 497 2982 serum
509 2932 609 2982 Lavinia
618 2933 726 2990 conjunx

148 3023 242 3072 Educet
252 3023 319 3072 silvis
330 3036 423 3083 regem,
433 3035 564 3082 regumque
575 3025 713 3083 parentem:

148 3113 221 3163 Unde
231 3128 308 3174 genus
319 3114 402 3173 Longa
412 3121 523 3160 nostrum
534 3107 698 3158 dominabitur
709 3105 779 3154 Alba.
