2334 3734
386 497 567 549 nuconlca
584 497 657 548 ΗΘΒ.
672 499 703 548 V.
921 504 950 550 lb

142 629 240 688 Quum,
251 626 371 690 oonplera
380 625 422 676 sui
431 641 518 690 eorpus
535 625 675 676 miserabile
685 625 763 688 gusti,

141 719 225 778 Atque
236 715 295 764 deos
305 723 378 778 atque
389 722 455 765 astru
465 723 536 766 voest
545 715 656 766 crudelia
665 724 753 765 maier.

143 806 203 853 Non
215 804 261 852 ulli
272 811 355 867 pastos
366 803 417 854 illis
427 817 497 866 egere
509 801 594 854 diebus

142 891 251 952 Frigida,
262 891 371 953 Daphni,
381 891 454 940 bores
465 891 496 940 sd
505 892 626 953 dumina;
643 892 714 940 nulla
723 906 802 956 neqm
808 907 906 944 amnem

141 979 239 1030 Libarit
248 979 395 1042 quadrupes,
406 992 451 1028 nec
461 979 577 1040 graminis
587 980 674 1057 adgigit
683 981 792 1032 hubam.

143 1068 254 1132 Daphni,
265 1073 337 1118 idum
348 1069 437 1118 Poenos
448 1067 522 1118 etlam
532 1068 679 1130 ingemuisse
688 1070 773 1119 leones

143 1157 286 1219 loberitrrm,
298 1165 440 1219 montesque
451 1157 497 1206 leri
507 1157 622 1219 silvaeque
632 1157 774 1220 loquuntur.

143 1247 255 1310 Daphnis
266 1254 292 1296 et
302 1246 431 1296 Armenias
440 1261 515 1296 orrru
525 1248 670 1308 subjungere
680 1246 751 1309 tigris

143 1334 271 1384 Instimits
288 1335 398 1397 Daphnis
408 1335 500 1386 thiasos
511 1335 627 1384 indueere
635 1335 737 1397 Boeohi,

144 1426 178 1474 Et
188 1423 255 1473 loliis
265 1425 343 1473 lentus
353 1424 464 1474 inlexere
474 1423 590 1474 mollibus
601 1425 692 1474 huna.

142 1513 208 1562 Vitis
220 1521 248 1562 ut
255 1513 381 1562 arboribus
391 1513 473 1564 decori
484 1521 532 1574 esi,
543 1521 572 1562 nt
581 1513 672 1562 vitibrss
684 1527 747 1575 urse,

144 1606 181 1654 Ut
192 1604 302 1666 gregibus
313 1604 389 1665 tauri,
399 1611 490 1666 segetes
500 1611 530 1652 nt
540 1603 669 1667 pinguibus
680 1603 758 1652 srvis:

143 1697 184 1744 Tu
195 1693 268 1744 decus
278 1708 352 1743 omne
361 1693 427 1756 tuis3
444 1701 573 1756 postquam
584 1701 610 1742 ie
620 1695 671 1742 laea
679 1694 799 1752 mlerunt,

145 1785 203 1847 lpsa
214 1783 283 1832 Pales
295 1791 375 1844 agros,
387 1789 459 1845 elque
470 1782 522 1845 ipae
532 1781 632 1844 reliquit
641 1781 741 1845 Apollo.
760 1820 766 1829 .

145 1872 256 1936 Grandia
265 1886 328 1935 saepe
338 1871 426 1934 quibus
435 1870 604 1922 mandavimus
615 1870 708 1920 hordea
718 1869 802 1931 sulcis,

146 1962 237 2010 Infelix
245 1960 333 2009 lolium
344 1968 369 2009 et
379 1959 475 2009 steriles
485 1967 618 2009 nascuntur
629 1972 720 2007 avenas.

146 2052 197 2099 l‘ro
208 2049 279 2098 molli
289 2049 363 2109 viola,
374 2063 419 2111 pro
430 2061 553 2110 purpureo
562 2047 683 2106 narcisso3

97 2147 101 2154 '
148 2139 260 2189 carduus
271 2146 296 2187 et
307 2137 383 2200 spinis
394 2136 472 2198 surgit
482 2136 592 2199 paliurus
604 2135 690 2184 mutis.

147 2229 258 2292 Spargite
268 2229 370 2275 humum
380 2225 457 2285 foliis,
468 2224 574 2274 inducite
585 2223 694 2272 fonnbus
707 2223 817 2284 umbros,

147 2319 276 2366 Pastores:
294 2315 393 2367 mmdut
402 2312 456 2362 fieri
468 2311 514 2363 sibi
524 2312 583 2362 ulia
594 2310 712 2374 Daphnis.

148 2410 182 2457 El
191 2409 314 2456 tumulum
324 2407 405 2467 facite,
417 2413 442 2455 et
451 2405 548 2454 hamulo
558 2401 712 2466 superaddite
722 2414 834 2451 oarrnen:

149 2495 258 2560 Daphnis
269 2511 313 2558 ego
325 2496 350 2544 in
361 2494 440 2556 silvis,
450 2494 509 2542 hinc
519 2507 596 2555 usque
607 2491 638 2540 ad
645 2489 725 2539 sidera
735 2496 818 2550 notus,

149 2584 262 2633 Formosi
272 2583 365 2646 peeoris
377 2589 469 2643 erutos,
482 2581 615 2632 formosior
625 2579 686 2642 ipse.

182 2675 236 2721 Mn.
252 2673 313 2720 Tale
323 2679 394 2721 tuum
405 2686 504 2722 carmen
516 2671 597 2732 nobis,
608 2671 690 2735 divine
700 2677 782 2735 poeto,

149 2763 228 2817 Quale
238 2775 312 2823 sopor
322 2761 393 2812 fessis
402 2761 430 2810 in
440 2761 562 2824 gramine3
580 2763 661 2823 quale,
672 2777 715 2825 per
725 2768 812 2810 usuum

150 2853 236 2905 Dulcis
247 2867 315 2914 aque
326 2852 428 2902 saliente
440 2853 506 2902 sitini
517 2853 669 2914 restinguere
679 2851 742 2901 rivo.

151 2943 205 2990 Nec
214 2941 313 2990 calamls
324 2944 405 2991 solum
416 2942 560 3004 equipurus,
572 2931 616 2990 sed
624 2955 683 2990 roos
694 2940 853 3002 magistrum

152 3029 285 3078 Fortunate
293 3043 363 3092 puer,
375 3038 404 3079 tn
414 3045 479 3078 nunc
490 3029 538 3078 eris
549 3030 612 3078 alter
621 3030 653 3077 ab
663 3028 716 3078 illo.

154 3121 208 3168 Nos
220 3127 301 3169 tumen
312 3120 365 3170 hec
377 3133 528 3182 quocumque
539 3119 613 3167 modo
625 3117 670 3167 tibi
681 3123 766 3166 nosue
774 3112 879 3164 vicissim
