2334 3734
421 510 578 584 ,11111111
595 512 658 561 nra.
675 511 719 559 rx.
839 474 843 483 ’
915 510 958 557 an

169 637 284 699 Euryale,
296 634 382 685 infelix
393 650 441 699 qua
451 645 476 686 te
484 637 582 699 regione
591 637 696 699 reliqui?

171 727 254 781 Quave
264 728 367 787 sequa&
387 728 481 776 Rursus
491 727 634 789 perplexum
645 728 692 777 iter·
704 742 777 776 omne
787 728 912 777 revolvens

169 814 272 864 Fallacia
283 796 359 877 silva,
371 815 446 865 simul
458 824 483 865 et
493 817 593 877 toengia
603 826 669 866 retro

170 903 305 953 Observata
313 904 383 965 legit,
395 904 522 966 dumisque
532 906 659 955 silentibus
671 914 744 957 errat.

168 992 245 1040 Audit
255 1006 340 1055 equos,
351 993 419 1041 audit
429 993 543 1056 strepitus
553 1002 578 1042 et
589 994 658 1055 signa
668 1003 819 1056 sequentum.

170 1080 222 1127 Nec
233 1079 334 1140 longum
345 1078 371 1127 in
383 1080 464 1127 medio
474 1088 569 1144 tempus
579 1102 587 1142 ς
604 1097 679 1143 quum
690 1083 783 1130 clamor
794 1081 825 1129 ad
835 1081 901 1130 auris

171 1167 292 1229 Pervenit,
304 1183 331 1217 ac
342 1169 407 1218 videt
418 1171 563 1232 Euryalum:
581 1172 714 1233 quem-jam
726 1184 810 1219 manus
822 1169 902 1219 omnis

171 1258 264 1306 Fraude
275 1258 322 1306 loci
329 1267 355 1307 et
366 1260 455 1318 noctis,
464 1259 544 1308 subito
555 1261 668 1307 turbante
677 1260 794 1320 tumultu,

171 1346 320 1410 Oppressum
331 1348 395 1411 rapit
405 1356 431 1396 et
441 1355 569 1397 conantem
580 1347 687 1410 plurima
698 1349 797 1397 frustra.

172 1434 237 1489 Quid
248 1435 321 1490 iaciat
329 1431 347 1483 ἴ
358 1450 406 1498 qua
417 1436 440 1483 vi
449 1438 574 1496 juvenem,
587 1436 673 1498 quibus
684 1437 771 1486 audent
784 1436 858 1486 armis

171 1523 293 1587 Eripere?
312 1539 344 1573 an
355 1538 408 1573 sese
420 1525 512 1573 medios
523 1525 658 1573 moriturus
670 1525 774 1575 incuses

172 1616 273 1676 inierat,
284 1624 310 1665 et
318 1617 428 1679 pulcrum
438 1625 551 1680 properet
561 1630 605 1679 per
616 1616 716 1664 volnera
727 1617 848 1665 mortem?

174 1704 248 1755 Ocius
259 1705 363 1754 adducto
373 1714 489 1768 torquens
499 1706 588 1754 hastile
598 1705 700 1765 lacerto,

172 1793 310 1857 suspiciens
322 1795 396 1843 1111111
409 1797 514 1857 Lunam,
526 1794 561 1843 sic
571 1808 630 1843 voce
640 1771 765 1856 prodatur:

171 1883 221 1941 lu,
233 1882 288 1943 dea,
300 1891 328 1931 tu
338 1898 443 1947 presens
456 1892 539 1934 nostro
550 1897 664 1933 succurre
674 1881 764 1941 labori,

116 1952 126 1961 ’
171 1974 300 2022 Astrorum
312 1973 395 2033 decus,
406 1956 431 2022 ct
441 1988 569 2022 nemorum
582 1962 686 2022 Latonia
697 1978 778 2019 custos
789 1989 797 2030 ;

171 2062 257 2124 Siqua
267 2061 316 2110 tuis
326 2076 442 2123 nmquam
455 2077 499 2123 pro
512 2076 551 2109 me
561 2069 630 2123 pater
641 2038 760 2121 Hyrtacus
772 2057 821 2106 aris

170 2151 241 2199 Dona
251 2149 318 2208 tulit,
330 2149 351 2196 si
362 2164 410 2210 qua
420 2150 472 2211 ipse
483 2149 543 2197 meis
553 2149 678 2196 venatibus
688 2148 757 2206 auxi,

172 2237 322 2301 suspendive
331 2237 411 2296 tholo,
422 2244 464 2285 aut
474 2251 543 2285 sacra
552 2236 582 2284 ad
596 2235 691 2295 fastigia
698 2233 757 2281 fixi:

173 2331 244 2377 Hunc
256 2326 309 2375 sine
320 2306 363 2373 nne-
370 2326 468 2374 turbare
480 2326 590 2385 globum,
603 2332 628 2371 et
636 2336 691 2383 rege
702 2322 751 2370 tela
759 2334 801 2383 per
814 2332 892 2369 ouras.

170 2416 287 2467 Dixerat:
304 2423 330 2463 et
340 2422 393 2463 toto
404 2413 524 2462 connixus
536 2427 639 2475 corpore
650 2414 743 2463 ferrum

172 2504 287 2565 Conjieit.
321 2506 398 2553 Hasta
408 2504 492 2551 volans
501 2503 580 2551 noctis
593 2503 728 2553 diverberat
737 2505 847 2564 umbras,

171 2594 204 2641 Et
214 2593 282 2643 venit
291 2593 368 2642 aversi
378 2593 404 2641 in
416 2600 511 2654 tergum
522 2593 658 2653 Sulmonis,
671 2592 751 2655 ibique

172 2680 311 2742 Frangitur,
322 2695 350 2729 ue
360 2682 418 2730 fisso
431 2681 520 2731 transit
529 2680 662 2747 praecordia
673 2680 750 2743 ligno.

117 2820 127 2834 ,
170 2769 283 2818 Volvitur
294 2770 336 2818 ille
344 2786 443 2819 vomens
455 2771 562 2819 calidum
573 2771 603 2819 dc
615 2779 712 2834 pectore
722 2771 815 2820 flumen

149 2921 152 2930 ι
170 2858 292 2920 Frigidus,
304 2866 329 2907 et
338 2860 418 2920 longis
430 2861 574 2922 singultibus
587 2860 630 2909 ilia
641 2862 729 2922 pulsat.

171 2937 266 2997 Diversi
277 2947 481 3009 circumspiciunt
515 2952 568 2998 Hoc
579 2948 660 2997 acrior
673 2947 738 2996 idem

170 3036 232 3084 Ecce
243 3034 310 3083 uliud
321 3048 418 3083 summa
428 3035 504 3083 telum
515 3035 621 3084 librabat
632 3036 663 3083 ab
674 3047 731 3082 acue
742 3052 751 3095 ς

171 3125 238 3173 Dum
248 3121 379 3185 trepidant,
391 3121 421 3171 iit
431 3122 501 3171 hasta
510 3124 578 3185 Tago
590 3138 633 3186 per
646 3130 740 3186 tempus
753 3129 881 3187 utrumque
