2334 3734
403 512 560 600 AENEIDOS
577 552 640 602 LIB.
657 555 724 604 VIII.
787 617 788 622 ¹
919 561 966 614 339

166 669 229 717 Cum
240 679 341 746 sceptro
347 673 424 734 misit,
436 677 583 741 mandatque
593 673 697 744 insignia
707 685 814 748 Tarcho,

164 759 296 809 Suooedom
306 763 402 824 oeshis,
411 766 587 831 Tyrrhenaque
599 787 673 833 regne
684 789 815 838 capessam.

164 848 212 896 Sed
222 849 284 898 mihi
295 852 365 900 tarda
374 855 430 914 gelu
440 857 566 919 mclisque
576 861 648 910 effeta
659 872 770 914 senectus

163 937 257 986 Invidet
266 938 407 1002 imperium,
418 958 525 1007 serieque
537 947 567 996 ad
578 949 652 999 fortia
663 952 735 1003 vires.

164 1026 254 1074 Natum
264 1029 418 1092 exhortarer,
431 1033 457 1080 ni
468 1034 559 1084 mixtus
570 1047 648 1088 matre
660 1042 756 1092 Sabella

59 1121 63 1130 ’
164 1114 428 1182 HIncpnrtempatriae
438 1124 553 1173 traheret.
586 1128 635 1188 Tu,
647 1131 716 1190 eujus
727 1139 752 1180 et
762 1135 832 1182 annis

137 1214 146 1224 ‘
164 1204 196 1250 Iit
206 1206 289 1265 generi
299 1208 349 1256 fata
360 1208 497 1272 indulgent,
508 1228 580 1274 quem
592 1217 694 1266 numina
704 1230 817 1282 poscunt,

160 1293 300 1356 Ingredere,
312 1311 327 1344 o
338 1299 461 1347 Teucrum
471 1308 543 1362 atque
554 1304 643 1352 italum
655 1305 788 1358 fortissime
798 1309 892 1360 ductor.

162 1383 235 1431 Hune
245 1384 290 1433 tihi
300 1394 428 1448 praeterea,
440 1403 494 1452 spes
505 1397 535 1438 et.
541 1393 628 1441 solatia
639 1396 728 1456 nostri,

162 1473 272 1522 Pallanta
282 1475 426 1538 adjungam:
444 1481 489 1527 suh
501 1482 640 1530 tte-tolerare
652 1485 774 1544 magistro·

159 1558 279 1608 Militiam·
285 1570 311 1610 et
320 1578 396 1625 graue¹
402 1565 489 1614 Martis
500 1580 571 1629 opus,
587 1577 629 1616 tua
640 1584 739 1620 cernere
751 1573 815 1624 faeta

159 1647 301 1710 Adsuescat,
311 1651 397 1712 primis
408 1662 433 1701 et
444 1661 468 1701 te
478 1654 582 1704 miretur
594 1659 625 1711 ab
635 1659 715 1708 annis.

158 1739 265 1788 Arcadas
275 1739 332 1790 huic
342 1741 434 1804 equites
444 1743 482 1793 his
494 1753 602 1807 centum,
615 1749 704 1798 robora
715 1751 785 1813 pubIs

160 1827 241 1886 Lecta,
254 1827 333 1891 dab03
350 1825 499 1894 totidemque
510 1847 555 1882 suo
565 1834 611 1883 tibi
622 1837 821 1889 nominePaIlos.

190 1917 239 1966 Vix
249 1933 279 1968 ea
290 1914 432 1984 intorserat,
449 1914 571 1986 defixique
582 1939 626 1975 ora
637 1929 752 1978 tenebant

157 2008 247 2057 AEneas
257 2009 415 2060 Anchisiades
425 2020 450 2060 et
460 2012 523 2062 fidus
533 2015 649 2077 Achates,

159 2097 285 2157 Multaque
297 2097 359 2147 dura
368 2113 413 2147 suo
424 2098 489 2148 tristi
500 2115 556 2148 cum
564 2103 638 2152 eorde
650 2106 784 2168 putabunt3

160 2185 192 2233 Ni
203 2185 299 2247 signum
310 2190 374 2236 coelo
383 2188 502 2251 cytherea
512 2189 618 2238 dedisset
628 2199 720 2253 aperto.

158 2276 268 2337 Namque
277 2276 402 2340 inproviso
412 2277 520 2326 vibratus
530 2281 561 2326 ab
571 2279 661 2328 aethere
672 2280 753 2342 fulgor

158 2365 220 2412 Cum
232 2365 314 2414 sonitu
324 2364 399 2424 venit,
412 2373 437 2414 et
449 2379 521 2415 ruere
532 2367 616 2415 omnia
625 2367 676 2416 visu
687 2373 795 2432 repente,

156 2426 344 2516 Tyrrhenusque
353 2455 418 2502 tnhoe
430 2442 524 2515 mugire
534 2469 577 2518 per
588 2456 681 2504 aethera
691 2457 799 2519 clangor.

74 2593 78 2600 ,
157 2541 313 2604 Suspieiunt3
331 2543 420 2592 iterum
431 2551 503 2604 atque
514 2545 603 2593 iterum
614 2545 695 2607 fragor
705 2546 814 2612 increpat
825 2548 916 2610 ingens:

157 2632 234 2679 Arma
243 2631 307 2681 inter
317 2635 417 2694 nubem,
428 2632 485 2682 coeli
497 2632 523 2681 in
533 2633 632 2695 regione
642 2637 737 2698 serene,

157 2721 204 2768 Per
214 2719 301 2770 sudum
312 2723 413 2771 rutilare
422 2722 515 2783 vident,
526 2730 552 2772 et
560 2725 632 2785 pulsa
643 2715 740 2774 tonare,

156 2807 311 2871 Obstupuere
321 2809 409 2859 animis
420 2810 479 2872 alii,
497 2811 539 2860 sed
548 2812 639 2862 Troius
648 2814 721 2863 heros
774 2857 776 2862 ,

155 2897 262 2958 Agnovit
272 2897 379 2946 sonitum
391 2899 487 2947 et-dIvoe
498 2900 617 2962 promissa
627 2901 742 2964 parentis.
828 2945 829 2950 ,

155 2987 220 3034 'I'um
230 2995 364 3036 memorat:
382 2968 497 3047 Ne'vero,
507 2989 606 3052 hospes,
618 3003 649 3038 ne
659 3005 740 3052 quaere
751 2993 869 3054 profecto,

81 3053 89 3058 ⁵
156 3078 236 3130 Quem
246 3090 329 3125 oneum
339 3083 452 3140 portentu
461 3077 556 3139 ieront3
573 3093 618 3140 ego
629 3092 715 3141 poscor
726 3079 840 3152 OIympo.

156 3166 209 3214 Hoc
218 3164 314 3228 signum
325 3165 413 3216 ouinit
424 3165 553 3215 missuram
564 3167 619 3216 dive
629 3167 745 3226 creduis,
