<?xml version="1.0" encoding="UTF-8"?>
<!DOCTYPE html PUBLIC "-//W3C//DTD XHTML 1.0 Transitional//EN"
    "http://www.w3.org/TR/xhtml1/DTD/xhtml1-transitional.dtd">
<html xmlns="http://www.w3.org/1999/xhtml" xml:lang="en" lang="en">
 <head>
  <title>
</title>
<meta http-equiv="Content-Type" content="text/html;charset=utf-8" />
  <meta name='ocr-system' content='tesseract 3.04.00' />
  <meta name='ocr-capabilities' content='ocr_page ocr_carea ocr_par ocr_line ocrx_word'/>
</head>
<body>
  <div class='ocr_page' id='page_1' title='image "./publiivirgiliim00heyngoog/publiivirgiliim00heyngoog_0162.png"; bbox 0 0 2334 3734; ppageno 0'>
   <div class='ocr_carea' id='block_1_1' title="bbox 193 554 846 604">
    <p class='ocr_par' dir='ltr' id='par_1_1' title="bbox 193 554 846 604">
     <span class='ocr_line' id='line_1_1' title="bbox 193 554 846 604; baseline 0.002 -1"><span class='ocrx_word' id='word_1_1' title='bbox 193 557 238 603; x_wconf 82' lang='lat'>150</span> <span class='ocrx_word' id='word_1_2' title='bbox 292 586 295 590; x_wconf 91' lang='lat'><em>-</em></span> <span class='ocrx_word' id='word_1_3' title='bbox 414 556 441 604; x_wconf 90' lang='grc' dir='ltr'>Ρ.</span> <span class='ocrx_word' id='word_1_4' title='bbox 459 554 600 604; x_wconf 75' lang='lat' dir='ltr'>vlnerum</span> <span class='ocrx_word' id='word_1_5' title='bbox 614 555 768 604; x_wconf 81' lang='lat' dir='ltr'><strong>MARONIS</strong></span> <span class='ocrx_word' id='word_1_6' title='bbox 841 561 846 572; x_wconf 94' lang='grc'><strong>’</strong></span> 
     </span>
    </p>
   </div>
   <div class='ocr_carea' id='block_1_2' title="bbox 190 682 854 1106">
    <p class='ocr_par' dir='ltr' id='par_1_2' title="bbox 190 682 854 1106">
     <span class='ocr_line' id='line_1_2' title="bbox 191 682 799 748; baseline 0 -15"><span class='ocrx_word' id='word_1_7' title='bbox 191 684 325 748; x_wconf 83' lang='lat' dir='ltr'>Conposito</span> <span class='ocrx_word' id='word_1_8' title='bbox 336 682 428 748; x_wconf 88' lang='lat' dir='ltr'>rumpit</span> <span class='ocrx_word' id='word_1_9' title='bbox 434 697 529 745; x_wconf 86' lang='lat' dir='ltr'>vocem,</span> <span class='ocrx_word' id='word_1_10' title='bbox 542 692 567 733; x_wconf 91' lang='lat' dir='ltr'>et</span> <span class='ocrx_word' id='word_1_11' title='bbox 577 699 617 734; x_wconf 89' lang='lat' dir='ltr'>me</span> <span class='ocrx_word' id='word_1_12' title='bbox 627 683 799 734; x_wconf 72' lang='lat' dir='ltr'>destinatam.</span> 
     </span>
     <span class='ocr_line' id='line_1_3' title="bbox 190 773 854 838; baseline -0.002 -13"><span class='ocrx_word' id='word_1_13' title='bbox 190 773 329 826; x_wconf 76' lang='lat' dir='ltr'>Adsensere</span> <span class='ocrx_word' id='word_1_14' title='bbox 339 788 424 823; x_wconf 86' lang='lat' dir='ltr'>omnes</span> <span class='ocrx_word' id='word_1_15' title='bbox 434 793 441 835; x_wconf 71' lang='grc' dir='ltr'><strong>ς</strong></span> <span class='ocrx_word' id='word_1_16' title='bbox 459 781 494 834; x_wconf 87' lang='lat' dir='ltr'>et,</span> <span class='ocrx_word' id='word_1_17' title='bbox 507 788 561 836; x_wconf 81' lang='lat' dir='ltr'>quae</span> <span class='ocrx_word' id='word_1_18' title='bbox 571 775 618 824; x_wconf 89' lang='lat' dir='ltr'>sibi</span> <span class='ocrx_word' id='word_1_19' title='bbox 630 775 731 838; x_wconf 90' lang='lat' dir='ltr'>quisque</span> <span class='ocrx_word' id='word_1_20' title='bbox 741 775 854 835; x_wconf 86' lang='lat' dir='ltr'>timebat,</span> 
     </span>
     <span class='ocr_line' id='line_1_4' title="bbox 192 848 752 914; baseline 0 0"><span class='ocrx_word' id='word_1_21' title='bbox 192 863 273 914; x_wconf 81' lang='lat' dir='ltr'>Unius</span> <span class='ocrx_word' id='word_1_22' title='bbox 285 864 311 913; x_wconf 88' lang='lat' dir='ltr'>in</span> <span class='ocrx_word' id='word_1_23' title='bbox 322 865 404 912; x_wconf 88' lang='lat' dir='ltr'>miseri</span> <span class='ocrx_word' id='word_1_24' title='bbox 416 863 517 913; x_wconf 81' lang='lat' dir='ltr'>exitium</span> <span class='ocrx_word' id='word_1_25' title='bbox 526 879 645 914; x_wconf 80' lang='lat' dir='ltr'>conversa</span> <span class='ocrx_word' id='word_1_26' title='bbox 654 848 752 914; x_wconf 80' lang='lat' dir='ltr'>tulere.¹</span> 
     </span>
     <span class='ocr_line' id='line_1_5' title="bbox 191 953 844 1018; baseline -0.003 -14"><span class='ocrx_word' id='word_1_27' title='bbox 191 955 297 1016; x_wconf 80' lang='lat' dir='ltr'><strong>Jamque</strong></span> <span class='ocrx_word' id='word_1_28' title='bbox 308 953 360 1002; x_wconf 88' lang='lat' dir='ltr'>dies</span> <span class='ocrx_word' id='word_1_29' title='bbox 372 953 472 1002; x_wconf 82' lang='lat' dir='ltr'>infanda</span> <span class='ocrx_word' id='word_1_30' title='bbox 484 955 580 1004; x_wconf 82' lang='lat' dir='ltr'>aderat:</span> <span class='ocrx_word' id='word_1_31' title='bbox 600 954 661 1004; x_wconf 88' lang='lat' dir='ltr'>mihi</span> <span class='ocrx_word' id='word_1_32' title='bbox 673 969 743 1004; x_wconf 80' lang='lat' dir='ltr'>sacra</span> <span class='ocrx_word' id='word_1_33' title='bbox 752 954 844 1018; x_wconf 87' lang='lat' dir='ltr'>parari,</span> 
     </span>
     <span class='ocr_line' id='line_1_6' title="bbox 191 1043 753 1106; baseline 0.002 -15"><span class='ocrx_word' id='word_1_34' title='bbox 191 1043 224 1091; x_wconf 88' lang='lat' dir='ltr'>Et</span> <span class='ocrx_word' id='word_1_35' title='bbox 234 1043 305 1092; x_wconf 83' lang='lat' dir='ltr'>salsae</span> <span class='ocrx_word' id='word_1_36' title='bbox 315 1043 408 1104; x_wconf 79' lang='lat' dir='ltr'>fruges,</span> <span class='ocrx_word' id='word_1_37' title='bbox 419 1050 444 1092; x_wconf 87' lang='lat' dir='ltr'>et</span> <span class='ocrx_word' id='word_1_38' title='bbox 454 1043 547 1092; x_wconf 89' lang='lat' dir='ltr'>circum</span> <span class='ocrx_word' id='word_1_39' title='bbox 557 1051 669 1106; x_wconf 90' lang='lat' dir='ltr'>tempora</span> <span class='ocrx_word' id='word_1_40' title='bbox 679 1044 753 1093; x_wconf 76' lang='lat' dir='ltr'>rittae.</span> 
     </span>
    </p>
   </div>
   <div class='ocr_carea' id='block_1_3' title="bbox 109 1129 742 1196">
    <p class='ocr_par' dir='ltr' id='par_1_3' title="bbox 109 1129 742 1196">
     <span class='ocr_line' id='line_1_7' title="bbox 109 1129 742 1196; baseline 0.011 -19"><span class='ocrx_word' id='word_1_41' title='bbox 109 1153 111 1157; x_wconf 95' lang='lat'>·</span> <span class='ocrx_word' id='word_1_42' title='bbox 192 1129 289 1194; x_wconf 84' lang='lat' dir='ltr'>Eripui,</span> <span class='ocrx_word' id='word_1_43' title='bbox 301 1133 389 1192; x_wconf 77' lang='lat' dir='ltr'>fateor,</span> <span class='ocrx_word' id='word_1_44' title='bbox 402 1133 452 1181; x_wconf 82' lang='lat' dir='ltr'>leto</span> <span class='ocrx_word' id='word_1_45' title='bbox 464 1147 514 1192; x_wconf 86' lang='lat' dir='ltr'>me,</span> <span class='ocrx_word' id='word_1_46' title='bbox 526 1140 553 1182; x_wconf 89' lang='lat' dir='ltr'>et</span> <span class='ocrx_word' id='word_1_47' title='bbox 562 1133 659 1182; x_wconf 87' lang='lat' dir='ltr'>vincula</span> <span class='ocrx_word' id='word_1_48' title='bbox 669 1132 742 1196; x_wconf 80' lang='lat' dir='ltr'>rupi3</span> 
     </span>
    </p>
   </div>
   <div class='ocr_carea' id='block_1_4' title="bbox 193 1209 957 2625">
    <p class='ocr_par' dir='ltr' id='par_1_4' title="bbox 193 1209 957 2086">
     <span class='ocr_line' id='line_1_8' title="bbox 193 1209 804 1284; baseline 0.002 -16"><span class='ocrx_word' id='word_1_49' title='bbox 193 1209 341 1283; x_wconf 80' lang='lat' dir='ltr'>limosoque</span> <span class='ocrx_word' id='word_1_50' title='bbox 351 1221 406 1270; x_wconf 87' lang='lat' dir='ltr'>lacu</span> <span class='ocrx_word' id='word_1_51' title='bbox 416 1235 459 1284; x_wconf 84' lang='lat' dir='ltr'>per</span> <span class='ocrx_word' id='word_1_52' title='bbox 471 1229 567 1270; x_wconf 86' lang='lat' dir='ltr'>noctem</span> <span class='ocrx_word' id='word_1_53' title='bbox 579 1223 698 1271; x_wconf 87' lang='lat' dir='ltr'>obscurus</span> <span class='ocrx_word' id='word_1_54' title='bbox 709 1220 736 1270; x_wconf 90' lang='lat' dir='ltr'>in</span> <span class='ocrx_word' id='word_1_55' title='bbox 747 1222 804 1270; x_wconf 85' lang='lat' dir='ltr'>ulra</span> 
     </span>
     <span class='ocr_line' id='line_1_9' title="bbox 194 1307 800 1370; baseline 0.002 -13"><span class='ocrx_word' id='word_1_56' title='bbox 194 1307 297 1370; x_wconf 89' lang='lat' dir='ltr'>Delitui,</span> <span class='ocrx_word' id='word_1_57' title='bbox 309 1309 368 1359; x_wconf 90' lang='lat' dir='ltr'>dum</span> <span class='ocrx_word' id='word_1_58' title='bbox 378 1310 442 1370; x_wconf 86' lang='lat' dir='ltr'>vela,</span> <span class='ocrx_word' id='word_1_59' title='bbox 454 1309 540 1360; x_wconf 87' lang='lat' dir='ltr'>darent</span> <span class='ocrx_word' id='word_1_60' title='bbox 551 1311 572 1359; x_wconf 88' lang='lat' dir='ltr'>si</span> <span class='ocrx_word' id='word_1_61' title='bbox 583 1310 658 1370; x_wconf 80' lang='lat' dir='ltr'>forte,</span> <span class='ocrx_word' id='word_1_62' title='bbox 669 1309 800 1359; x_wconf 82' lang='lat' dir='ltr'>dedissent.</span> 
     </span>
     <span class='ocr_line' id='line_1_10' title="bbox 194 1397 874 1463; baseline 0.001 -17"><span class='ocrx_word' id='word_1_63' title='bbox 194 1399 246 1447; x_wconf 88' lang='lat' dir='ltr'>Nec</span> <span class='ocrx_word' id='word_1_64' title='bbox 258 1398 320 1447; x_wconf 88' lang='lat' dir='ltr'>mihi</span> <span class='ocrx_word' id='word_1_65' title='bbox 328 1400 380 1460; x_wconf 83' lang='lat' dir='ltr'>jam</span> <span class='ocrx_word' id='word_1_66' title='bbox 391 1397 494 1463; x_wconf 88' lang='lat' dir='ltr'>patriam</span> <span class='ocrx_word' id='word_1_67' title='bbox 506 1400 632 1462; x_wconf 87' lang='lat' dir='ltr'>antiquam</span> <span class='ocrx_word' id='word_1_68' title='bbox 640 1413 695 1462; x_wconf 85' lang='lat' dir='ltr'>spes</span> <span class='ocrx_word' id='word_1_69' title='bbox 706 1400 758 1448; x_wconf 90' lang='lat' dir='ltr'>ulla</span> <span class='ocrx_word' id='word_1_70' title='bbox 767 1398 874 1459; x_wconf 86' lang='lat' dir='ltr'>videndi,</span> 
     </span>
     <span class='ocr_line' id='line_1_11' title="bbox 195 1487 770 1552; baseline 0 -16"><span class='ocrx_word' id='word_1_71' title='bbox 195 1489 248 1536; x_wconf 89' lang='lat' dir='ltr'>Nee</span> <span class='ocrx_word' id='word_1_72' title='bbox 259 1487 337 1538; x_wconf 87' lang='lat' dir='ltr'>dulcis</span> <span class='ocrx_word' id='word_1_73' title='bbox 348 1496 417 1538; x_wconf 88' lang='lat' dir='ltr'>natos</span> <span class='ocrx_word' id='word_1_74' title='bbox 430 1497 621 1552; x_wconf 71' lang='lat' dir='ltr'>exoptatumque</span> <span class='ocrx_word' id='word_1_75' title='bbox 630 1497 770 1552; x_wconf 80' lang='lat' dir='ltr'>parentem:</span> 
     </span>
     <span class='ocr_line' id='line_1_12' title="bbox 196 1575 789 1641; baseline 0.002 -16"><span class='ocrx_word' id='word_1_76' title='bbox 196 1577 264 1630; x_wconf 88' lang='lat' dir='ltr'>Quos</span> <span class='ocrx_word' id='word_1_77' title='bbox 276 1575 313 1625; x_wconf 91' lang='lat' dir='ltr'>illi</span> <span class='ocrx_word' id='word_1_78' title='bbox 325 1577 414 1626; x_wconf 81' lang='lat' dir='ltr'>forsad</span> <span class='ocrx_word' id='word_1_79' title='bbox 425 1592 509 1641; x_wconf 86' lang='lat' dir='ltr'>poenas</span> <span class='ocrx_word' id='word_1_80' title='bbox 521 1579 553 1626; x_wconf 91' lang='lat' dir='ltr'>ob</span> <span class='ocrx_word' id='word_1_81' title='bbox 565 1586 650 1627; x_wconf 91' lang='lat' dir='ltr'>nostra</span> <span class='ocrx_word' id='word_1_82' title='bbox 661 1585 789 1641; x_wconf 83' lang='lat' dir='ltr'>reposcent</span> 
     </span>
     <span class='ocr_line' id='line_1_13' title="bbox 195 1665 885 1730; baseline 0 -16"><span class='ocrx_word' id='word_1_83' title='bbox 195 1665 301 1727; x_wconf 79' lang='lat' dir='ltr'>Eliugia,</span> <span class='ocrx_word' id='word_1_84' title='bbox 312 1674 338 1715; x_wconf 88' lang='lat' dir='ltr'>et</span> <span class='ocrx_word' id='word_1_85' title='bbox 348 1666 445 1729; x_wconf 84' lang='lat' dir='ltr'>culpam</span> <span class='ocrx_word' id='word_1_86' title='bbox 456 1667 519 1715; x_wconf 85' lang='lat' dir='ltr'>banc</span> <span class='ocrx_word' id='word_1_87' title='bbox 530 1667 678 1716; x_wconf 88' lang='lat' dir='ltr'>miserorum</span> <span class='ocrx_word' id='word_1_88' title='bbox 686 1675 766 1716; x_wconf 86' lang='lat' dir='ltr'>morte</span> <span class='ocrx_word' id='word_1_89' title='bbox 776 1666 885 1730; x_wconf 83' lang='lat' dir='ltr'>piabunt.</span> 
     </span>
     <span class='ocr_line' id='line_1_14' title="bbox 197 1734 957 1817; baseline 0.003 -15"><span class='ocrx_word' id='word_1_90' title='bbox 197 1754 316 1815; x_wconf 83' lang='lat' dir='ltr'>Quodte,</span> <span class='ocrx_word' id='word_1_91' title='bbox 328 1768 494 1817; x_wconf 86' lang='lat' dir='ltr'>persuperos,</span> <span class='ocrx_word' id='word_1_92' title='bbox 506 1755 641 1804; x_wconf 85' lang='lat' dir='ltr'>etconscia</span> <span class='ocrx_word' id='word_1_93' title='bbox 652 1755 826 1816; x_wconf 71' lang='lat' dir='ltr'>ruminarem,</span> <span class='ocrx_word' id='word_1_94' title='bbox 952 1734 957 1748; x_wconf 26' lang='grc' dir='ltr'>ι</span> 
     </span>
     <span class='ocr_line' id='line_1_15' title="bbox 197 1843 916 1908; baseline 0.003 -16"><span class='ocrx_word' id='word_1_95' title='bbox 197 1844 255 1904; x_wconf 86' lang='lat' dir='ltr'>Per,</span> <span class='ocrx_word' id='word_1_96' title='bbox 267 1843 288 1892; x_wconf 90' lang='lat' dir='ltr'>si</span> <span class='ocrx_word' id='word_1_97' title='bbox 300 1856 347 1906; x_wconf 91' lang='lat' dir='ltr'>qua</span> <span class='ocrx_word' id='word_1_98' title='bbox 358 1851 405 1903; x_wconf 88' lang='lat' dir='ltr'>est,</span> <span class='ocrx_word' id='word_1_99' title='bbox 416 1857 471 1905; x_wconf 85' lang='lat' dir='ltr'>quae</span> <span class='ocrx_word' id='word_1_100' title='bbox 484 1851 559 1892; x_wconf 85' lang='lat' dir='ltr'>restet</span> <span class='ocrx_word' id='word_1_101' title='bbox 569 1845 648 1893; x_wconf 89' lang='lat' dir='ltr'>adhuc</span> <span class='ocrx_word' id='word_1_102' title='bbox 659 1845 803 1894; x_wconf 84' lang='lat' dir='ltr'>mortalibus</span> <span class='ocrx_word' id='word_1_103' title='bbox 813 1859 916 1908; x_wconf 87' lang='lat' dir='ltr'>usquam</span> 
     </span>
     <span class='ocr_line' id='line_1_16' title="bbox 200 1930 748 1994; baseline 0.002 -12"><span class='ocrx_word' id='word_1_104' title='bbox 200 1934 348 1982; x_wconf 87' lang='lat' dir='ltr'>Intemerata</span> <span class='ocrx_word' id='word_1_105' title='bbox 358 1930 428 1993; x_wconf 86' lang='lat' dir='ltr'>fides,</span> <span class='ocrx_word' id='word_1_106' title='bbox 440 1946 495 1994; x_wconf 91' lang='lat' dir='ltr'>oro,</span> <span class='ocrx_word' id='word_1_107' title='bbox 508 1933 625 1982; x_wconf 87' lang='lat' dir='ltr'>miserere</span> <span class='ocrx_word' id='word_1_108' title='bbox 636 1936 748 1983; x_wconf 86' lang='lat' dir='ltr'>laborum</span> 
     </span>
     <span class='ocr_line' id='line_1_17' title="bbox 196 2022 837 2086; baseline 0.006 -16"><span class='ocrx_word' id='word_1_109' title='bbox 196 2023 351 2085; x_wconf 80' lang='lat' dir='ltr'>Tantomm3</span> <span class='ocrx_word' id='word_1_110' title='bbox 368 2022 485 2071; x_wconf 87' lang='lat' dir='ltr'>miserere</span> <span class='ocrx_word' id='word_1_111' title='bbox 496 2023 571 2072; x_wconf 85' lang='lat' dir='ltr'>animi</span> <span class='ocrx_word' id='word_1_112' title='bbox 582 2039 633 2073; x_wconf 91' lang='lat' dir='ltr'>non</span> <span class='ocrx_word' id='word_1_113' title='bbox 644 2024 717 2086; x_wconf 78' lang='lat' dir='ltr'>digua</span> <span class='ocrx_word' id='word_1_114' title='bbox 727 2026 837 2074; x_wconf 83' lang='lat' dir='ltr'>ferentis.</span> 
     </span>
    </p>

    <p class='ocr_par' dir='ltr' id='par_1_5' title="bbox 196 2109 947 2625">
     <span class='ocr_line' id='line_1_18' title="bbox 231 2109 903 2173; baseline 0.004 -15"><span class='ocrx_word' id='word_1_115' title='bbox 231 2110 276 2158; x_wconf 92' lang='lat' dir='ltr'>His</span> <span class='ocrx_word' id='word_1_116' title='bbox 285 2110 393 2159; x_wconf 82' lang='lat' dir='ltr'>lacrimis</span> <span class='ocrx_word' id='word_1_117' title='bbox 404 2109 479 2160; x_wconf 75' lang='lat' dir='ltr'>vitan</span> <span class='ocrx_word' id='word_1_118' title='bbox 491 2110 589 2173; x_wconf 88' lang='lat' dir='ltr'>damu,</span> <span class='ocrx_word' id='word_1_119' title='bbox 601 2121 626 2162; x_wconf 88' lang='lat' dir='ltr'>et</span> <span class='ocrx_word' id='word_1_120' title='bbox 637 2112 816 2163; x_wconf 84' lang='lat' dir='ltr'>miserescimus</span> <span class='ocrx_word' id='word_1_121' title='bbox 827 2115 903 2162; x_wconf 76' lang='lat' dir='ltr'>ultro,</span> 
     </span>
     <span class='ocr_line' id='line_1_19' title="bbox 196 2195 777 2265; baseline 0.007 -16"><span class='ocrx_word' id='word_1_122' title='bbox 196 2202 251 2265; x_wconf 88' lang='lat' dir='ltr'>Ipse</span> <span class='ocrx_word' id='word_1_123' title='bbox 262 2201 314 2250; x_wconf 81' lang='lat' dir='ltr'>viro</span> <span class='ocrx_word' id='word_1_124' title='bbox 326 2200 420 2263; x_wconf 87' lang='lat' dir='ltr'>primus</span> <span class='ocrx_word' id='word_1_125' title='bbox 433 2195 541 2252; x_wconf 86' lang='lat' dir='ltr'>manicas</span> <span class='ocrx_word' id='word_1_126' title='bbox 552 2210 625 2265; x_wconf 80' lang='lat' dir='ltr'>atque</span> <span class='ocrx_word' id='word_1_127' title='bbox 636 2211 690 2252; x_wconf 82' lang='lat' dir='ltr'>arta</span> <span class='ocrx_word' id='word_1_128' title='bbox 700 2205 777 2253; x_wconf 83' lang='lat' dir='ltr'>levari</span> 
     </span>
     <span class='ocr_line' id='line_1_20' title="bbox 197 2289 873 2356; baseline 0.004 -17"><span class='ocrx_word' id='word_1_129' title='bbox 197 2289 285 2340; x_wconf 87' lang='lat' dir='ltr'>Vincla</span> <span class='ocrx_word' id='word_1_130' title='bbox 297 2291 368 2351; x_wconf 81' lang='lat' dir='ltr'>jubet</span> <span class='ocrx_word' id='word_1_131' title='bbox 379 2290 508 2354; x_wconf 82' lang='lat' dir='ltr'>Priamus3</span> <span class='ocrx_word' id='word_1_132' title='bbox 527 2292 645 2356; x_wconf 82' lang='lat' dir='ltr'>dictisque</span> <span class='ocrx_word' id='word_1_133' title='bbox 653 2294 688 2343; x_wconf 84' lang='lat' dir='ltr'>ita</span> <span class='ocrx_word' id='word_1_134' title='bbox 697 2297 762 2343; x_wconf 84' lang='lat' dir='ltr'>fatur</span> <span class='ocrx_word' id='word_1_135' title='bbox 774 2293 873 2343; x_wconf 76' lang='lat' dir='ltr'>amicisz</span> 
     </span>
     <span class='ocr_line' id='line_1_21' title="bbox 198 2379 873 2446; baseline 0.004 -17"><span class='ocrx_word' id='word_1_136' title='bbox 198 2379 315 2443; x_wconf 87' lang='lat' dir='ltr'>Quisquis</span> <span class='ocrx_word' id='word_1_137' title='bbox 327 2393 363 2439; x_wconf 88' lang='lat' dir='ltr'>es,</span> <span class='ocrx_word' id='word_1_138' title='bbox 374 2380 477 2429; x_wconf 88' lang='lat' dir='ltr'>amissos</span> <span class='ocrx_word' id='word_1_139' title='bbox 485 2380 544 2430; x_wconf 89' lang='lat' dir='ltr'>hinc</span> <span class='ocrx_word' id='word_1_140' title='bbox 552 2383 605 2444; x_wconf 86' lang='lat' dir='ltr'>jam</span> <span class='ocrx_word' id='word_1_141' title='bbox 613 2383 755 2432; x_wconf 83' lang='lat' dir='ltr'>obliviscere</span> <span class='ocrx_word' id='word_1_142' title='bbox 766 2382 853 2432; x_wconf 88' lang='lat' dir='ltr'>Graios</span> <span class='ocrx_word' id='word_1_143' title='bbox 864 2403 873 2446; x_wconf 76' lang='lat'>3</span> 
     </span>
     <span class='ocr_line' id='line_1_22' title="bbox 199 2471 861 2535; baseline -0.005 -11"><span class='ocrx_word' id='word_1_144' title='bbox 199 2476 289 2524; x_wconf 85' lang='lat' dir='ltr'>Noster</span> <span class='ocrx_word' id='word_1_145' title='bbox 300 2473 366 2534; x_wconf 82' lang='lat' dir='ltr'>eris3</span> <span class='ocrx_word' id='word_1_146' title='bbox 386 2471 495 2534; x_wconf 90' lang='lat' dir='ltr'>mihique</span> <span class='ocrx_word' id='word_1_147' title='bbox 505 2473 559 2522; x_wconf 78' lang='lat' dir='ltr'>haec</span> <span class='ocrx_word' id='word_1_148' title='bbox 570 2473 677 2523; x_wconf 88' lang='lat' dir='ltr'>edissere</span> <span class='ocrx_word' id='word_1_149' title='bbox 688 2488 746 2522; x_wconf 86' lang='lat' dir='ltr'>vera</span> <span class='ocrx_word' id='word_1_150' title='bbox 758 2472 861 2535; x_wconf 79' lang='lat' dir='ltr'>roganti.</span> 
     </span>
     <span class='ocr_line' id='line_1_23' title="bbox 199 2561 947 2625; baseline -0.004 -13"><span class='ocrx_word' id='word_1_151' title='bbox 199 2566 254 2619; x_wconf 90' lang='lat' dir='ltr'>Quo</span> <span class='ocrx_word' id='word_1_152' title='bbox 266 2564 357 2615; x_wconf 87' lang='lat' dir='ltr'>molem</span> <span class='ocrx_word' id='word_1_153' title='bbox 369 2563 432 2611; x_wconf 87' lang='lat' dir='ltr'>banc</span> <span class='ocrx_word' id='word_1_154' title='bbox 443 2562 549 2611; x_wconf 82' lang='lat' dir='ltr'>inmanis</span> <span class='ocrx_word' id='word_1_155' title='bbox 561 2563 618 2625; x_wconf 87' lang='lat' dir='ltr'>equi</span> <span class='ocrx_word' id='word_1_156' title='bbox 629 2565 756 2613; x_wconf 76' lang='lat' dir='ltr'>statuere?</span> <span class='ocrx_word' id='word_1_157' title='bbox 776 2561 830 2625; x_wconf 89' lang='lat' dir='ltr'>quis</span> <span class='ocrx_word' id='word_1_158' title='bbox 842 2564 947 2611; x_wconf 85' lang='lat' dir='ltr'>auctor?</span> 
     </span>
    </p>
   </div>
   <div class='ocr_carea' id='block_1_5' title="bbox 106 2648 934 2715">
    <p class='ocr_par' dir='ltr' id='par_1_6' title="bbox 106 2648 934 2715">
     <span class='ocr_line' id='line_1_24' title="bbox 106 2648 934 2715; baseline -0.004 -14"><span class='ocrx_word' id='word_1_159' title='bbox 106 2696 110 2701; x_wconf 84' lang='lat'><em>.</em></span> <span class='ocrx_word' id='word_1_160' title='bbox 199 2651 293 2706; x_wconf 85' lang='lat' dir='ltr'>Quidve</span> <span class='ocrx_word' id='word_1_161' title='bbox 301 2659 388 2715; x_wconf 84' lang='lat' dir='ltr'>petunt</span> <span class='ocrx_word' id='word_1_162' title='bbox 398 2653 408 2698; x_wconf 71' lang='grc' dir='ltr'><strong><em>ἓ</em></strong></span> <span class='ocrx_word' id='word_1_163' title='bbox 428 2665 481 2712; x_wconf 73' lang='lat' dir='ltr'>qun</span> <span class='ocrx_word' id='word_1_164' title='bbox 491 2651 577 2712; x_wconf 73' lang='lat' dir='ltr'>reilgio</span> <span class='ocrx_word' id='word_1_165' title='bbox 587 2653 597 2698; x_wconf 71' lang='grc' dir='ltr'><strong><em>ἓ</em></strong></span> <span class='ocrx_word' id='word_1_166' title='bbox 616 2659 659 2699; x_wconf 87' lang='lat' dir='ltr'>aut</span> <span class='ocrx_word' id='word_1_167' title='bbox 669 2665 724 2713; x_wconf 74' lang='lat' dir='ltr'>quar</span> <span class='ocrx_word' id='word_1_168' title='bbox 733 2651 847 2699; x_wconf 86' lang='lat' dir='ltr'>maehina</span> <span class='ocrx_word' id='word_1_169' title='bbox 855 2648 934 2699; x_wconf 81' lang='lat' dir='ltr'>belli?</span> 
     </span>
    </p>
   </div>
   <div class='ocr_carea' id='block_1_6' title="bbox 141 2737 846 3260">
    <p class='ocr_par' dir='ltr' id='par_1_7' title="bbox 141 2737 829 2899">
     <span class='ocr_line' id='line_1_25' title="bbox 199 2737 829 2800; baseline -0.003 -12"><span class='ocrx_word' id='word_1_170' title='bbox 199 2737 308 2789; x_wconf 87' lang='lat' dir='ltr'>Dixerat.</span> <span class='ocrx_word' id='word_1_171' title='bbox 342 2740 388 2789; x_wconf 92' lang='lat' dir='ltr'>Ille</span> <span class='ocrx_word' id='word_1_172' title='bbox 399 2739 462 2789; x_wconf 87' lang='lat' dir='ltr'>dolis</span> <span class='ocrx_word' id='word_1_173' title='bbox 474 2739 608 2788; x_wconf 62' lang='lat' dir='ltr'>instructis</span> <span class='ocrx_word' id='word_1_174' title='bbox 619 2746 645 2788; x_wconf 89' lang='lat' dir='ltr'>et</span> <span class='ocrx_word' id='word_1_175' title='bbox 655 2746 707 2787; x_wconf 84' lang='lat' dir='ltr'>arte</span> <span class='ocrx_word' id='word_1_176' title='bbox 719 2739 829 2800; x_wconf 80' lang='lat' dir='ltr'>Pelasga,</span> 
     </span>
     <span class='ocr_line' id='line_1_26' title="bbox 141 2827 748 2899; baseline -0.005 -21"><span class='ocrx_word' id='word_1_177' title='bbox 141 2895 146 2899; x_wconf 18' lang='grc' dir='ltr'><strong>ῃ</strong></span> <span class='ocrx_word' id='word_1_178' title='bbox 198 2828 303 2878; x_wconf 88' lang='lat' dir='ltr'>Sustulit</span> <span class='ocrx_word' id='word_1_179' title='bbox 312 2837 398 2878; x_wconf 78' lang='lat' dir='ltr'>exutas</span> <span class='ocrx_word' id='word_1_180' title='bbox 409 2829 494 2878; x_wconf 82' lang='lat' dir='ltr'>vinclis</span> <span class='ocrx_word' id='word_1_181' title='bbox 507 2828 539 2876; x_wconf 92' lang='lat' dir='ltr'>ad</span> <span class='ocrx_word' id='word_1_182' title='bbox 549 2827 630 2877; x_wconf 87' lang='lat' dir='ltr'>sidera</span> <span class='ocrx_word' id='word_1_183' title='bbox 640 2829 748 2891; x_wconf 81' lang='lat' dir='ltr'>palmas:</span> 
     </span>
    </p>

    <p class='ocr_par' dir='ltr' id='par_1_8' title="bbox 196 2907 846 3260">
     <span class='ocr_line' id='line_1_27' title="bbox 196 2907 790 2982; baseline 0 -14"><span class='ocrx_word' id='word_1_184' title='bbox 196 2907 258 2980; x_wconf 82' lang='lat' dir='ltr'>Vos,</span> <span class='ocrx_word' id='word_1_185' title='bbox 270 2919 356 2968; x_wconf 81' lang='lat' dir='ltr'>aeterni</span> <span class='ocrx_word' id='word_1_186' title='bbox 366 2918 446 2982; x_wconf 82' lang='lat' dir='ltr'>ignes,</span> <span class='ocrx_word' id='word_1_187' title='bbox 458 2926 484 2968; x_wconf 86' lang='lat' dir='ltr'>et</span> <span class='ocrx_word' id='word_1_188' title='bbox 493 2934 544 2968; x_wconf 88' lang='lat' dir='ltr'>non</span> <span class='ocrx_word' id='word_1_189' title='bbox 556 2919 671 2968; x_wconf 73' lang='lat' dir='ltr'>violabile</span> <span class='ocrx_word' id='word_1_190' title='bbox 682 2927 790 2968; x_wconf 82' lang='lat' dir='ltr'>restrum</span> 
     </span>
     <span class='ocr_line' id='line_1_28' title="bbox 197 3009 846 3072; baseline 0 -16"><span class='ocrx_word' id='word_1_191' title='bbox 197 3009 286 3057; x_wconf 83' lang='lat' dir='ltr'>Testor</span> <span class='ocrx_word' id='word_1_192' title='bbox 297 3022 398 3068; x_wconf 89' lang='lat' dir='ltr'>numen,</span> <span class='ocrx_word' id='word_1_193' title='bbox 408 3009 459 3072; x_wconf 86' lang='lat' dir='ltr'>ait;</span> <span class='ocrx_word' id='word_1_194' title='bbox 476 3023 519 3057; x_wconf 83' lang='lat' dir='ltr'>vos</span> <span class='ocrx_word' id='word_1_195' title='bbox 531 3022 593 3068; x_wconf 85' lang='lat' dir='ltr'>arae,</span> <span class='ocrx_word' id='word_1_196' title='bbox 605 3022 723 3070; x_wconf 88' lang='lat' dir='ltr'>ensesque</span> <span class='ocrx_word' id='word_1_197' title='bbox 734 3009 846 3069; x_wconf 83' lang='lat' dir='ltr'>nefandi,</span> 
     </span>
     <span class='ocr_line' id='line_1_29' title="bbox 197 3077 830 3160; baseline 0.002 -14"><span class='ocrx_word' id='word_1_198' title='bbox 197 3098 266 3153; x_wconf 85' lang='lat' dir='ltr'>Quos</span> <span class='ocrx_word' id='word_1_199' title='bbox 278 3097 459 3160; x_wconf 80' lang='lat' dir='ltr'>fugi‚vittaeque</span> <span class='ocrx_word' id='word_1_200' title='bbox 469 3098 554 3159; x_wconf 89' lang='lat' dir='ltr'>deum,</span> <span class='ocrx_word' id='word_1_201' title='bbox 565 3112 626 3160; x_wconf 89' lang='lat' dir='ltr'>quas</span> <span class='ocrx_word' id='word_1_202' title='bbox 636 3098 718 3147; x_wconf 87' lang='lat' dir='ltr'>hostia</span> <span class='ocrx_word' id='word_1_203' title='bbox 726 3099 789 3160; x_wconf 75' lang='lat' dir='ltr'>gessi</span> <span class='ocrx_word' id='word_1_204' title='bbox 799 3116 807 3147; x_wconf 67' lang='grc' dir='ltr'><em>τ</em></span> <span class='ocrx_word' id='word_1_205' title='bbox 817 3077 830 3091; x_wconf 58' lang='grc'><strong>’</strong></span> 
     </span>
     <span class='ocr_line' id='line_1_30' title="bbox 200 3187 774 3260; baseline 0 -24"><span class='ocrx_word' id='word_1_206' title='bbox 200 3187 245 3236; x_wconf 89' lang='lat' dir='ltr'>Fas</span> <span class='ocrx_word' id='word_1_207' title='bbox 254 3187 315 3236; x_wconf 87' lang='lat' dir='ltr'>mihi</span> <span class='ocrx_word' id='word_1_208' title='bbox 326 3187 458 3260; x_wconf 78' lang='lat' dir='ltr'>Graiorum</span> <span class='ocrx_word' id='word_1_209' title='bbox 470 3196 564 3237; x_wconf 84' lang='lat' dir='ltr'>saerata</span> <span class='ocrx_word' id='word_1_210' title='bbox 576 3189 698 3238; x_wconf 83' lang='lat' dir='ltr'>resolvere</span> <span class='ocrx_word' id='word_1_211' title='bbox 707 3190 774 3248; x_wconf 76' lang='lat' dir='ltr'>iura,</span> 
     </span>
    </p>
   </div>
   <div class='ocr_carea' id='block_1_7' title="bbox 0 0 1182 3734">
    <p class='ocr_par' dir='ltr' id='par_1_9' title="bbox 0 0 1182 3734">
     <span class='ocr_line' id='line_1_31' title="bbox 0 0 1182 3734; baseline 0 0"><span class='ocrx_word' id='word_1_212' title='bbox 0 0 1182 3734; x_wconf 95' lang='lat' dir='ltr'> </span> 
     </span>
    </p>
   </div>
  </div>
 </body>
</html>
