2334 3734
371 535 374 540 -
415 474 655 560 AEuaruos'urn.
671 511 713 560 vr.
917 513 962 558 εει

171 637 293 702 Inposuit,
304 636 361 685 fixit
370 637 434 698 leget
441 637 521 700 pretio
532 645 605 699 atque
615 637 704 686 refixit.

173 727 219 775 Hic
230 727 365 775 thalamum
376 727 464 775 inuasit
473 737 537 776 natae
549 728 684 789 vetitosque
694 727 842 790 hymeneus.

171 815 232 863 Ausi
243 829 328 863 omnen
339 813 438 864 inmane
448 816 527 876 nefas,
538 830 645 878 ausoque
655 815 736 879 potiti.

171 905 240 963 Non,
252 902 313 951 mihi
323 904 344 951 si
355 903 445 964 lingue
455 910 553 952 eenttrm
564 902 624 963 sint,
636 918 726 966 oraque
736 910 843 964 centum,

170 993 258 1040 Ferrea
268 1005 327 1050 vox,
338 991 419 1040 omnis
429 993 550 1040 scelernm
563 993 727 1054 conprendere
739 993 840 1052 forman,

171 1079 263 1128 Omnia
272 1093 399 1142 poenarunr
412 1094 552 1141 percurrere
563 1080 663 1129 nomina
673 1081 773 1143 possim.
857 1082 860 1088 '

205 1169 263 1216 Haec
273 1167 315 1216 ubi
325 1167 390 1216 dieta
400 1167 466 1216 dedit
474 1168 559 1217 Phoebi
570 1171 678 1230 longeva
689 1171 812 1224 sacerdos:
833 1159 836 1162 ’

172 1255 221 1304 Sed
228 1257 279 1314 jam
290 1268 343 1315 age,
353 1269 428 1317 carpe
436 1241 511 1316 riam',
522 1264 548 1304 et
558 1247 696 1318 susceptam
706 1258 795 1318 perfice
806 1271 906 1315 munus,

170 1344 352 1405 Adceleremue,
364 1343 415 1406 ait3
433 1346 566 1408 Cyclopum
576 1345 663 1394 educta
673 1345 773 1394 caminis

173 1435 266 1483 Moenia
275 1434 408 1498 conspicio,
420 1444 491 1498 atque
501 1434 603 1485 adverso
615 1437 709 1484 fornice
720 1444 813 1498 portae,

175 1527 233 1573 Haec
244 1525 285 1572 ubi
293 1539 340 1573 nos
350 1513 469 1587 nraecepta
476 1527 564 1584 Jubent
572 1525 692 1595 deponere
703 1524 776 1572 dona.
787 1510 793 1519 ’

173 1596 284 1674 Dinerat,
296 1622 321 1662 et
330 1615 430 1676 pariter,
442 1614 517 1675 gressi
529 1628 572 1676 per
582 1628 658 1676 opaca
668 1613 774 1672 viarum,

173 1701 319 1765 Conripiunt
329 1703 434 1765 spatium
445 1702 563 1763 medinm,
575 1703 716 1764 foribusque
726 1701 896 1764 propinquant.
996 1764 998 1768 Ι

173 1793 282 1855 Occupat
292 1794 382 1841 AEneas
393 1791 497 1853 aditum,
507 1805 644 1855 corpusque
655 1792 745 1840 recenti

97 1891 101 1896 ·
172 1881 269 1944 spargit
280 1895 352 1942 aqna,
363 1892 507 1943 ramumque
518 1882 619 1930 adverso
630 1882 656 1930 in
668 1881 752 1930 limine
764 1880 824 1941 figit.

204 1975 250 2024 His
258 1975 356 2024 demum
364 1976 466 2035 exactis,
477 1978 584 2038 perfecto
597 1989 698 2024 munere
707 1975 778 2035 divae,

176 2064 301 2111 Devenere
311 2064 378 2112 locos
389 2065 468 2122 laetos,
481 2071 506 2112 et
516 2077 614 2112 amnena
622 2064 700 2112 vireta

175 2153 196 2200 F
196 2159 368 2200 omnamrum
379 2157 520 2210 nemorum‘,
533 2151 649 2211 sedesque
659 2153 750 2198 beatas.

174 2241 275 2301 Largior
282 2241 322 2289 hic
334 2253 432 2301 campos
443 2239 519 2286 aether
529 2246 555 2286 et
564 2239 658 2289 lumine
668 2237 740 2286 vestit

177 2333 318 2394 hunnum
335 2331 461 2390 solemque
473 2341 555 2387 sunm,
568 2341 613 2375 sua
624 2327 704 2375 sidera
714 2333 813 2375 norunt.

175 2420 235 2468 Para
245 2419 271 2468 in
283 2418 413 2480 gramineis
421 2424 537 2467 exercent
546 2416 656 2464 membra
666 2415 783 2477 palaestris
792 2433 800 2474 ;

176 2507 335 2556 Contenduut
345 2507 413 2566 ludo,
425 2514 451 2555 et
461 2506 527 2553 fulva
537 2506 763 2564 luctanturarenu

175 2594 235 2642 Pare
245 2592 346 2653 pedibus
357 2591 475 2654 plaudunt
483 2591 597 2649 choreas,
609 2597 634 2638 et
644 2587 753 2638 carmina
764 2586 857 2635 dicunt.

177 2683 229 2729 Nee
239 2694 288 2728 non
300 2679 427 2727 Threicius
436 2681 511 2739 longe
520 2693 577 2726 curn
587 2685 653 2726 veste
664 2676 777 2725 sacerdos
803 2697 807 2704 ·

176 2769 323 2830 obloquitur
334 2770 441 2818 numeris
452 2776 544 2831 neptem
553 2766 696 2815 discrimine
709 2779 808 2826 vocum3

92 2839 105 2843 Ἀ
175 2860 281 2920 Jamque
291 2844 375 2907 eadern
388 2859 480 2918 digitis,
488 2860 540 2918 jam
549 2855 643 2918 pectine
651 2855 732 2916 pulsat
742 2854 843 2901 eburno.

179 2948 227 2996 Hic
237 2962 313 3009 genna
323 2947 450 3007 antiquum
459 2947 560 3006 Teucri,
567 2945 714 3009 pulcerrima
724 2943 816 3006 proles,

99 3027 105 3031 ’
180 3035 333 3096 Maguanimi
343 3035 441 3093 heroes,
452 3035 503 3082 nati
514 3033 655 3094 melioribus
665 3031 746 3091 annia,

179 3125 289 3187 Unique,
301 3125 490 3184 Assaracusque,
501 3130 527 3171 et
536 3123 618 3181 'ttojae
629 3119 757 3169 Dardanus
769 3124 861 3166 auctor.
