2334 3734
416 515 573 565 AENlllDOS
591 517 653 564 ula.
671 517 712 565 vl.
915 520 962 570 289
1057 481 1058 488 ¹

166 643 268 690 Parcere
278 642 403 703 subjectis,
415 653 441 691 et
450 643 573 692 debellare
583 646 710 706 superbos.

197 730 237 780 Sic
247 739 316 794 puter
325 732 456 793 Anchises,
464 741 536 794 atque
546 734 599 782 haec
610 733 754 782 mirantibus
765 733 848 785 addite

166 820 279 882 Adspioe,
290 829 319 870 ut
329 803 430 883 insignis
440 822 526 885 spoliis
537 824 670 872 Marcellus
678 823 766 885 opimis

166 911 302 972 Ingreditur
305 949 313 972 ,
324 913 449 990 victorque
458 914 523 963 viros
530 915 698 979 supereminet
709 914 805 966 omnis!

165 1000 211 1049 Hie
222 1016 274 1050 rem
286 1004 432 1063 Romanam,
444 1018 532 1064 magno
541 1005 656 1053 turbante
665 1005 785 1064 tumultu,

165 1089 249 1150 Sistet,
258 1106 330 1153 eques
342 1101 435 1142 sternet
444 1095 544 1154 Poenos,
555 1095 702 1156 Gallumque
713 1093 840 1152 rebellem,

164 1178 295 1242 Tertiaque
305 1195 374 1229 arma
382 1182 446 1244 patri
456 1185 587 1244 suspendet
598 1191 667 1244 capta
678 1181 791 1235 Quirino.

165 1269 244 1329 Atque
255 1269 295 1317 hie
306 1271 412 1332 AEneas3
430 1285 480 1319 una
489 1285 595 1332 namque
604 1270 640 1319 ire
651 1270 747 1318 videbat
790 1331 794 1339 ἡ
874 1283 882 1292 ·

165 1357 294 1418 Egregium
305 1359 385 1407 forma
391 1361 505 1419 juvenem
516 1367 542 1407 et
552 1358 700 1419 fulgentibus
711 1356 797 1417 armis,

165 1446 213 1494 Sed
223 1447 293 1495 frons
304 1449 360 1498 laeua
370 1463 468 1510 parum,
479 1456 505 1497 et
514 1449 607 1508 dejecto
618 1446 712 1494 lumina
722 1447 790 1494 voltu
801 1465 807 1492 ι

163 1534 235 1595 Quis,
246 1544 324 1598 poter,
335 1537 388 1594 ille,
400 1537 480 1585 virum
492 1527 533 1598 uui
544 1537 579 1584 sic
590 1536 720 1584 comitatur
730 1535 849 1582 euntem?

163 1623 250 1684 Filius,
262 1639 326 1673 anne
337 1626 423 1688 aliquis
434 1626 563 1687 magnale
574 1625 650 1687 stirpe
661 1631 777 1686 nepotum
788 1625 797 1670 ?

164 1711 212 1765 Qui
223 1712 336 1775 strepitus
347 1713 412 1762 circa
421 1713 537 1775 comitum
549 1717 555 1761 l
574 1720 691 1774 quantum
703 1712 780 1760 instar
792 1710 817 1760 in
828 1711 882 1774 ipso
893 1718 930 1760 est
941 1713 946 1759 !

164 1800 212 1849 Sed
224 1803 281 1849 Nox
291 1809 344 1850 atra
351 1811 423 1864 eaput
432 1804 498 1852 tristi
508 1795 771 1852 eireumvolatumbra.

163 1894 228 1941 'l’um
239 1901 307 1955 pater
318 1895 446 1954 Anchises,
457 1895 566 1944 lacrimis
577 1895 700 1956 ingressus
711 1893 818 1942 obortis:

166 1981 188 2030 0
200 1990 266 2042 nate,
277 1982 399 2044 ingentem
410 1986 503 2032 luctum
515 1999 546 2033 ne
557 1998 638 2046 quaere
650 1992 765 2045 tuorum,

165 2070 301 2119 Ostendent
310 2072 383 2120 terris
393 2074 460 2120 hunc
470 2080 566 2120 tantum
576 2075 637 2132 fau,
649 2087 727 2133 neque
740 2073 805 2120 ultra

164 2159 225 2206 Esse
235 2159 324 2208 sinent.
358 2159 468 2207 Nimium
479 2161 547 2208 vobis
559 2163 670 2209 Romana
681 2173 787 2222 propago

164 2246 222 2295 Vrsa
232 2254 328 2309 potens,
339 2248 431 2309 superi,
439 2248 537 2310 propria
548 2249 600 2295 haec
610 2248 631 2295 si
643 2248 707 2295 dona
717 2247 827 2294 fuissent.

165 2336 274 2388 Quantos
286 2335 328 2384 ille
339 2335 418 2383 virum
429 2349 542 2396 magnam
553 2335 672 2384 Mavortis
683 2335 713 2382 ad
723 2335 808 2382 urbem

165 2422 271 2483 Campus
282 2431 337 2484 aget
346 2423 465 2484 gemitus!
483 2425 522 2471 vel
533 2438 597 2484 quae,
608 2421 733 2480 liberine,
743 2420 834 2470 ridebis

165 2511 269 2572 Funera,
281 2526 355 2575 quum
366 2513 488 2561 termulum
499 2513 668 2575 praeterlabere
678 2512 814 2558 recentem!

165 2601 216 2648 Nec
227 2615 287 2664 puer
298 2602 371 2650 Iliam
383 2602 510 2666 quisquam
522 2602 552 2650 de
562 2608 633 2660 gente
641 2599 740 2648 Latinos

164 2690 192 2736 lu
204 2696 300 2737 tantum
311 2705 353 2753 spe
364 2692 435 2739 tollet
445 2705 519 2751 av0s3
537 2704 581 2738 nec
593 2689 698 2737 Romula
707 2686 830 2750 quondam

164 2778 224 2826 Ullo
237 2792 262 2826 se
273 2786 368 2827 tantum
378 2782 451 2829 tellus
460 2778 561 2840 jactabit
570 2781 679 2826 alumno.

164 2865 219 2913 Heu
229 2864 315 2927 pletas,
327 2867 376 2915 heu
386 2867 464 2929 prisea
474 2867 543 2926 fides,
554 2867 690 2926 invictaque
700 2865 766 2911 bello

164 2954 286 3001 Dextera!
305 2967 355 3001 non
365 2953 403 3012 illl
414 2969 439 3024 se
450 2955 576 3016 quisquam
588 2955 678 3014 inpune
688 2951 785 2998 tulisset

165 3037 257 3089 Obvius
268 3049 373 3101 armato,
385 3045 430 3090 seu'
438 3057 513 3103 quum
523 3043 596 3104 pedes
608 3040 654 3088 iret
663 3040 688 3087 iu
700 3040 806 3097 hostem,

164 3128 213 3176 Seu
224 3129 359 3194 spumantis
371 3129 427 3190 equi
437 3130 531 3178 foderet
541 3128 673 3178 calcaribus
685 3139 774 3173 armos.

556 3231 572 3264 u
