2334 3734
206 517 253 570 roo
428 521 455 571 r.
472 521 610 572 vinoun
626 521 782 572 unnoms
803 483 810 498 ’

204 651 316 711 Solebat,
328 650 384 700 fetis
395 650 518 700 contraria
529 651 579 700 iata
589 646 733 713 repmdeus.

205 744 277 792 Nune
288 741 372 790 eadem
385 741 484 788 fortune
493 739 558 787 viros
570 747 610 788 tot
619 739 716 788 canons
727 746 794 788 actos

205 829 351 892 Insequitur.
385 833 464 884 Quem
475 829 614 889 iasonem,
626 831 679 879 Rex
690 843 787 891 magne,
796 830 927 877 laborum?

204 920 317 968 Antenor
327 917 417 981 pomis,
428 917 514 966 mediis
525 920 621 983 elapsus
633 919 743 979 Achivis,

205 1007 317 1070 Illyricos
327 1013 455 1069 penetrare
467 1007 534 1056 sinus
546 1015 619 1070 etque
630 1007 718 1056 intima
728 1016 796 1057 tutius

205 1095 289 1156 Regna
300 1095 475 1155 Liburnorum,
487 1103 512 1145 et
522 1097 617 1145 iontem
627 1108 741 1159 superare
750 1096 847 1146 limavi
858 1117 865 1159 ;

205 1184 280 1236 Unde
290 1199 334 1247 per
345 1199 390 1234 ora
400 1199 488 1234 novem
500 1194 567 1234 vasto
578 1200 634 1234 cum
646 1200 773 1234 murmure
784 1185 876 1234 montis
961 1207 966 1213 ·

205 1275 228 1322 lt
239 1289 306 1323 mere
317 1282 472 1338 proruptum,
483 1283 508 1324 ot
518 1277 605 1338 pelago
615 1276 705 1339 premit
716 1290 774 1325 arva
784 1276 882 1325 sonanti
892 1296 900 1336 3

205 1361 253 1412 Hic
263 1370 344 1412 tamen
356 1363 399 1412 ille
411 1366 496 1413 urbem
508 1366 596 1413 Patsvl
607 1365 723 1426 sedesque
734 1364 824 1414 locarit

204 1437 366 1512 Teucrorum,
377 1461 402 1501 et
413 1453 479 1513 genti
491 1467 582 1500 nomen
595 1453 671 1512 dedit,
684 1467 800 1515 armoque
811 1451 865 1505 fixit

204 1540 297 1603 'l'roie3
316 1555 381 1590 nuno
391 1541 486 1604 placide
494 1549 626 1604 conpostus
637 1555 694 1604 paee
705 1541 814 1604 quiescit.

206 1632 271 1690 Nos,
282 1639 325 1679 tua
335 1631 473 1694 progenies,
484 1630 542 1679 ooeli
553 1629 642 1691 quibus
653 1629 739 1679 adnuis
750 1643 841 1689 aroem,

207 1719 315 1768 Navibus
331 1716 480 1783 (infandum)
496 1718 602 1778 amissis,
614 1719 687 1767 unius
699 1719 731 1766 ob
743 1717 805 1767 irem

207 1808 347 1868 Prodimur,
360 1815 431 1870 atque
443 1807 511 1856 Italis
523 1808 597 1867 louge
607 1805 770 1868 disiungimur
781 1808 841 1857 oris.

208 1895 255 1944 llic
265 1895 361 1959 pietatis
373 1896 471 1945 honos?
491 1894 525 1943 sic
537 1909 582 1942 nos
594 1894 620 1944 in
631 1903 727 1958 sceptra
737 1898 855 1958 reponis?

240 1983 293 2032 Olli
304 1983 432 2033 subridens
444 1982 573 2030 hominum
585 1991 652 2032 sator
663 1992 736 2045 atque
745 1984 848 2035 deorum

206 2073 292 2132 Voltu,
304 2087 353 2134 quo
364 2073 454 2121 ooelum
466 2079 670 2135 tempestatesque
682 2081 789 2134 serenat,
827 2075 837 2090 ⁸
874 2095 878 2102 ·
907 2102 913 2108 -

208 2162 299 2212 Oscula
309 2161 394 2210 libavit
405 2169 468 2210 uatae
479 2180 487 2222 3
505 2159 594 2210 dehinc
605 2161 665 2211 talio
677 2162 750 2212 fatur:

208 2253 282 2300 Peroe
294 2259 370 2311 metu,
384 2251 521 2314 Cytheree3
540 2261 641 2300 manent
652 2253 747 2302 inmota
755 2262 855 2304 tuorum
868 2254 870 2257 ’

207 2341 266 2390 Fata
278 2340 340 2402 tibi3
357 2353 442 2389 cernes
454 2342 539 2390 urbem
552 2349 577 2390 et
587 2342 709 2405 promissa
720 2343 809 2392 Lavinl

206 2429 313 2489 Moenls,
325 2429 502 2491 sublimemque
515 2431 579 2480 feres
591 2431 621 2479 ad
632 2431 714 2481 sidera
721 2432 778 2481 eoeli

207 2521 393 2581 Magnanimum
405 2521 500 2570 AEnesn
511 2541 519 2583 ;
537 2535 616 2583 neque
627 2535 667 2570 me
677 2522 798 2571 sententia
808 2524 889 2572 vertit.

209 2609 255 2657 llic
269 2610 324 2674 (tibi
336 2611 406 2659 labor
417 2610 494 2668 enim,
506 2611 603 2673 quando
615 2612 667 2661 haec
677 2620 703 2660 te
714 2626 773 2660 curs
784 2613 917 2674 remordet,

193 2697 314 2758 *henaim
327 2706 351 2747 et
362 2698 462 2749 volvens
476 2700 582 2749 fatorum
595 2713 683 2749 armna
694 2700 807 2763 movebo)

207 2787 304 2835 Bellum
317 2787 403 2848 ingens
414 2796 482 2850 geret
493 2789 574 2848 ltalia,
586 2789 736 2851 populosque
748 2791 837 2839 ferocis

208 2876 364 2939 contundet3
382 2892 510 2940 moresque
520 2879 580 2928 viris
591 2886 616 2927 et
627 2879 718 2927 moenia
729 2888 819 2942 ponet:

204 2964 289 3014 Tertia
299 2966 358 3014 dum
370 2968 440 3015 Latio
452 2976 594 3028 regnantem
605 2967 692 3015 viderit
702 2976 784 3029 testas,

203 3057 333 3117 Terueque
344 3055 485 3104 transierint
495 3056 594 3105 Rutulis
604 3056 709 3106 hiberna
718 3059 832 3108 subactis.

202 3145 236 3193 At
247 3159 306 3207 puer
317 3144 448 3204 Ascanius,
460 3144 500 3193 oui
512 3159 580 3194 nunc
592 3159 729 3207 cognomen
741 3147 795 3196 lulo
