2334 3734
200 532 249 579 444
418 534 446 580 P.
462 532 600 581 VIRGILII
617 532 781 583 MARONIS'

205 657 364 719 Congredior·
396 660 443 707 Fer
454 672 531 719 saera,
543 668 621 726 peter,
632 669 658 710 et
667 660 767 723 concipe
778 662 867 712 foedns.

203 748 254 795 Aut
263 748 309 795 hac
319 748 566 797 Dardaniumdextra
577 750 622 797 snb
632 752 736 801 luera
746 749 853 811 mittum,

204 836 360 884 Desertorem
370 837 435 884 Asiae
451 838 561 899 (sedeant
572 845 727 899 spectentque
738 837 842 899 Latini),

203 930 236 977 Et
247 927 314 975 solus
325 925 391 974 ferro
401 926 494 973 crimen
506 941 637 975 cnmmnne
648 927 776 975 refellam:

203 1020 254 1066 Aut
263 1018 352 1065 habeat
362 1016 437 1065 victos
448 1036 456 1077 ;
473 1016 542 1064 cedat
552 1016 653 1064 Lavinia
662 1018 780 1075 conjunx.

237 1105 289 1155 Olli
300 1106 382 1155 senato
395 1105 519 1169 respondit
529 1104 602 1153 corde
614 1104 731 1153 Latinus:

204 1196 227 1244 Ο
237 1202 355 1258 prestans
367 1196 442 1244 animi
451 1193 559 1255 juvenis,
571 1201 690 1255 quantum
701 1194 753 1256 ipse
764 1193 841 1241 feroci

203 1283 299 1332 Virtute
310 1298 450 1345 exsuperas,
458 1262 531 1329 ¹tanto
540 1296 579 1329 me
588 1280 715 1343 inpensius
726 1296 822 1343 aequum
833 1289 871 1330 est

205 1371 350 1430 consulere,
360 1378 433 1431 atque
443 1369 524 1417 omnis
535 1368 685 1416 metientem
694 1368 831 1431 expendere
842 1382 922 1420 casus.

121 1452 124 1465 '
206 1459 269 1507 Sunt
281 1458 326 1507 tibi
337 1472 410 1518 regns
420 1456 495 1519 patris
506 1456 598 1516 Dauni,
605 1463 664 1503 sunt
675 1456 763 1518 oppidu
773 1465 844 1520 cepte
855 1476 861 1480 ·

205 1548 286 1597 Mults
295 1561 385 1609 manu3
403 1561 447 1595 nec
458 1560 507 1593 non
519 1559 654 1606 aurumque
665 1546 808 1607 animusque
819 1546 906 1596 Latino
917 1554 971 1609 est3

206 1636 270 1686 Sunt
281 1636 334 1685 aliae
345 1636 453 1697 innuptae
465 1634 535 1683 Latio
547 1641 573 1682 et
584 1635 746 1684 Laurentibus
757 1636 833 1697 egris,

207 1726 258 1772 Nec
269 1738 343 1785 genus
355 1723 490 1791 indeceres.
524 1722 582 1771 Sine
594 1738 635 1771 me
646 1725 698 1772 haec
710 1725 776 1774 hand
793 1723 880 1773 mollia
890 1725 942 1775 latu

208 1812 316 1862 Sublatis
327 1812 421 1873 aperire
432 1811 496 1861 dolis
505 1832 514 1873 ;
533 1811 607 1861 simul
619 1814 666 1861 hoc
677 1814 760 1863 animo
770 1815 850 1863 hauri.

208 1902 251 1949 Me
261 1908 343 1948 natum
356 1900 418 1947 nulli
427 1907 537 1948 veterum
547 1901 641 1950 sociare
653 1917 783 1966 procorum

208 1990 253 2038 Fss
265 1997 327 2048 erat,
340 1988 412 2050 idque
424 2003 509 2037 omnes
520 1990 618 2051 divique
628 1992 789 2055 hominesque
800 1994 926 2042 canebant

208 2077 291 2125 Victus
302 2090 386 2125 amore
397 2076 444 2137 tui,
454 2086 557 2137 cognato
568 2080 685 2139 sanguine
695 2079 783 2140 victus,

210 2166 326 2227 Gonjugis
338 2174 363 2215 et
373 2175 463 2216 maestae
475 2167 593 2229 lacrimis,
605 2170 684 2218 vincla
695 2169 779 2218 omnia
790 2170 860 2233 rnpl:

209 2255 359 2305 Promissam
370 2256 447 2320 eripui
458 2270 565 2319 gener03
583 2272 653 2306 mma
662 2258 822 2321 inpiasumsi.

208 2345 248 2392 Ex
259 2345 304 2393 illo
316 2345 358 2407 qui
368 2360 408 2393 me
419 2360 500 2407 casus,
512 2362 576 2409 que,
585 2348 681 2407 Turne,
692 2354 826 2409 sequsmm

209 2434 289 2495 Bella,
301 2434 384 2497 vides3
401 2444 505 2497 quantos
518 2436 612 2498 primus
622 2436 715 2499 patiare
725 2438 830 2485 labores.

192 2538 197 2548 ·
209 2524 252 2573 Bis
265 2539 352 2585 magns
362 2525 418 2573 victi
429 2540 510 2587 pugna
519 2526 561 2572 vix
572 2529 633 2573 urbe
643 2536 741 2574 tuemur

211 2614 271 2675 Spes
284 2613 373 2674 ltelss3
390 2614 499 2661 recalent
510 2620 595 2662 nostro
607 2613 725 2662 'liberine
733 2614 826 2662 fluente

214 2700 336 2762 Sanguine
347 2700 437 2758 adhuc,
448 2701 574 2764 campique
584 2702 694 2763 ingentes
705 2702 801 2752 ossibus
812 2702 903 2751 albent.

186 2770 190 2775 Ι
212 2793 267 2845 Quo
278 2790 371 2839 referor
381 2790 473 2839 toties?
493 2806 545 2853 qum
557 2799 665 2839 mentem
675 2790 771 2839 insanin
782 2794 878 2840 mutet?

210 2880 237 2929 Si
247 2882 333 2929 'lurno
344 2880 464 2929 exstincto
475 2880 554 2929 socios
565 2893 621 2929 sum
632 2879 725 2949 adscire
735 2889 846 2943 pertun:

212 2971 262 3019 Cur
273 2984 323 3018 non
336 2970 451 3019 incolumi
463 2971 545 3033 potius
555 2970 689 3019 certamina
699 2972 781 3019 tello?

211 3057 277 3138 Quill
287 3059 460 3120 consanguinei
471 3060 566 3121 Rutili,
575 3059 634 3122 qnid
643 3067 725 3109 cetere
739 3060 805 3110 dicet

178 3206 179 3209 Ἴ
214 3142 297 3190 lulis:
315 3141 346 3189 ad
357 3150 462 3192 mertem
472 3143 494 3192 si
505 3152 529 3193 te
542 3145 616 3207 (Fors
626 3143 692 3193 dicta
702 3144 804 3207 refutet)
