2334 3734
206 529 252 577 las
432 527 459 578 P.
477 529 615 580 VlRGlLll
632 528 786 580 Minonis

204 655 266 711 Quis
277 655 371 706 cladem
383 657 451 708 illius
462 657 551 719 noctis,
563 658 618 722 qnia
629 658 718 707 funera
727 657 804 708 lando

202 745 325 809 Explicet,
335 755 378 796 aut
388 747 464 809 possit
474 745 582 796 lacrimis
593 761 690 809 requnre
701 747 818 796 labores?

203 835 269 884 Urbs
280 835 380 897 antiqua
388 835 449 896 ruit,
462 837 553 886 multos
564 835 689 885 dominata
699 850 742 899 per
753 849 848 897 annos3

203 923 313 972 Plurima
323 938 413 987 perque
423 925 473 974 vias
485 932 628 974 sternuntur
640 924 730 973 inertia
740 924 831 986 passim
935 925 938 932 '

203 1013 323 1076 Corpora,
335 1027 426 1076 perque
436 1014 534 1074 domos,
545 1022 570 1063 et
582 1013 697 1074 religiosa
711 1012 815 1062 deorum

184 1124 188 1132 ·
203 1099 307 1151 Limina.
341 1104 393 1152 Nec
404 1103 451 1152 soli
462 1116 547 1166 poenas
558 1103 619 1152 dant
629 1092 748 1163 sanguine
759 1101 866 1150 Teucri:

203 1189 333 1244 Quondam
345 1191 419 1240 etiarn
430 1191 500 1242 victis
511 1191 574 1241 redit
586 1192 611 1240 in
622 1190 760 1254 praecordia
769 1189 865 1253 virtus3

203 1278 361 1343 Victoresque
370 1281 462 1331 cadunt
473 1281 559 1330 Danai.
594 1279 708 1329 Crudelis
719 1278 810 1341 ubique

203 1369 304 1430 buente,
315 1369 407 1432 ubique
418 1384 502 1433 pavor,
513 1378 538 1420 et
548 1369 656 1434 plurima
667 1368 754 1417 mortis
765 1367 856 1430 imago.

235 1459 333 1510 Primus
345 1475 381 1520 se,
394 1461 506 1510 Danaum
517 1473 606 1521 magna
615 1458 747 1508 comitante
757 1466 864 1519 caterva,

202 1548 347 1610 Androgeus
358 1550 438 1598 obiert
448 1548 530 1610 nobis,
541 1548 607 1598 socia
616 1547 714 1610 agmina
723 1547 825 1596 credens

203 1637 314 1701 luscium
332 1645 405 1700 atque
416 1639 482 1688 ultro
494 1638 573 1687 verbis
584 1638 708 1702 conpellat
718 1637 818 1687 amicis:

201 1727 333 1789 Festinata,
344 1725 402 1788 riri,
413 1740 469 1777 nam
481 1739 536 1789 quae
548 1735 600 1776 tam
612 1739 669 1776 sera
679 1734 790 1776 moratur

201 1816 320 1879 Segnities
331 1818 341 1865 ἓ
360 1815 403 1865 alii
413 1816 512 1879 rapiunt
521 1816 622 1866 incensa
633 1817 763 1879 feruntque
778 1881 784 1892 ι

200 1907 332 1968 Pergama:
350 1919 393 1954 vos
404 1905 477 1954 cebis
490 1919 556 1954 nunc
566 1903 675 1968 primurn
687 1919 702 1953 a
713 1904 814 1954 navibus
825 1905 885 1956 itis?

199 1993 269 2043 Dixit
279 2014 286 2058 ;
304 2002 329 2043 et
336 1994 460 2057 extemplo
475 1993 564 2057 (neque
575 1993 641 2042 enim
652 2007 770 2056 responsa
780 1993 900 2044 dabantur

200 2081 260 2132 Fida
270 2081 340 2145 satis}
355 2082 442 2143 sensit,
454 2083 547 2132 medios
559 2083 672 2147 delapsus
684 2083 710 2131 in
723 2083 810 2133 hostis.

201 2170 344 2234 Obstupuit,
356 2178 470 2233 retroque
481 2171 567 2236 pedem
578 2187 635 2221 cum
646 2151 704 2221 voce
719 2171 841 2236 repressit.

202 2259 355 2323 lnprovisnm
367 2259 444 2324 aspris
455 2261 530 2310 veluti
542 2262 584 2324 qul
596 2261 706 2312 sentibus
717 2276 822 2324 anguem

152 2369 158 2381 ·
202 2349 295 2398 Pressit
304 2349 374 2398 humi
386 2350 477 2412 nitens,
489 2351 646 2414 trepidusque
657 2358 757 2414 repente
765 2351 867 2413 refugit,

201 2439 368 2489 Adtolleutem
381 2439 440 2501 iras,
450 2448 476 2489 et
486 2442 576 2490 caerula
586 2442 652 2490 colla
662 2446 810 2490 tumentem:

203 2529 273 2579 Haud
284 2543 353 2579 secus
365 2530 508 2593 Androgeus
519 2531 573 2580 visu
583 2532 740 2580 tremefactus
751 2531 842 2580 abibat.

202 2618 336 2680 Inruimus,
348 2619 429 2669 densis
441 2628 466 2669 et
476 2621 697 2671 circumfundimur
707 2621 799 2686 armis;

202 2705 351 2772 lg'narosque
360 2709 409 2757 loci
419 2709 508 2772 passim
520 2718 545 2760 et
556 2711 687 2760 formidine
697 2717 780 2772 captos

202 2795 347 2846 sternimus.
381 2798 496 2862 Adspirat
506 2800 587 2861 primo
598 2800 698 2848 fortuna
707 2797 794 2846 labori.

201 2887 281 2948 Atque
292 2887 332 2936 hic
343 2901 454 2937 successu
464 2888 590 2937 exsultans
600 2886 737 2949 animisque
749 2886 880 2947 Coroebus,

202 2974 226 3023 0
237 2974 306 3035 socii,
318 2989 366 3038 qua
376 2976 465 3040 prima,
477 2975 566 3038 inquit,
578 2976 678 3024 fortuna
688 2974 775 3024 salutis

202 3066 325 3116 Monstrat
334 3065 391 3128 iter,
403 3082 496 3130 quaque
507 3066 615 3116 ostendit
624 3080 651 3116 se
662 3066 759 3127 dextra
770 3081 908 3130 sequamur.

203 3153 328 3204 Mutemns
339 3154 441 3219 clipeos,
451 3159 611 3219 Danaumque
622 3155 728 3218 insignia
737 3155 809 3206 nobis
