2334 3734
419 530 578 583 mutibus
594 527 657 581 bib.
674 533 696 581 i.
909 523 953 582 iti

155 661 227 712 iulia
235 676 294 711 voce
304 662 393 711 refert:
412 660 435 709 Ο
446 667 531 724 terque
544 668 677 725 quaterque
688 661 768 712 beati!

155 752 217 806 Quis
229 760 285 800 ante
295 765 339 800 ora
349 758 447 814 patrum
458 753 540 824 TroJae
551 753 597 799 sub
608 752 730 800 moenibus
740 752 797 801 aitis

156 840 265 901 Contigit
274 842 403 902 oppetere!
422 854 437 888 o
449 841 561 889 Danaum
573 840 706 890 fortissime
715 841 794 902 gentis

153 930 257 994 Tydide,
269 945 339 980 mene
351 930 431 979 Iliacis
443 932 588 979 occumbere
598 931 690 992 campis

155 1022 212 1068 Non
222 1021 340 1083 potuisse,
351 1028 440 1082 tuaque
451 1021 557 1069 animam
569 1022 633 1069 hane
643 1022 767 1070 eiihndere
777 1022 879 1071 dexteru

153 1109 236 1156 Saevus
248 1109 289 1156 ubi
301 1109 408 1157 AEaoidar
419 1111 470 1158 telo
478 1100 543 1169 ja'cet
555 1110 657 1169 Hector,
667 1110 710 1157 ubi
721 1111 805 1171 iugens

154 1199 277 1260 Sarpedon
289 1217 302 1260 ς·
315 1199 357 1246 ubi
368 1206 405 1247 tot
417 1199 506 1248 Simois
517 1204 635 1261 conrepta
645 1200 691 1247 sub
701 1199 774 1248 undis

153 1289 227 1337 Scuta
236 1288 316 1336 virum
328 1289 454 1350 galeasque
466 1295 491 1336 et
502 1287 576 1348 fortia
586 1301 690 1351 corpora
699 1287 782 1336 volvit.

183 1377 254 1426 Talia
261 1379 362 1438 jactanti
374 1377 479 1427 stridens
491 1378 606 1439 aquilone
615 1378 723 1439 procella

150 1467 239 1514 Veium
250 1467 350 1515 adversa
360 1467 427 1526 terit,
436 1460 572 1526 fluctusque
583 1465 614 1513 ad
624 1464 704 1513 sidera
714 1463 789 1512 tollit.

148 1555 305 1615 Franguntur
316 1555 392 1617 remi3
410 1561 463 1602 tum
474 1568 549 1616 prora
560 1553 657 1612 avertit,
668 1561 693 1602 et
704 1551 777 1600 undis

148 1645 196 1694 Dat
207 1645 271 1692 latus
282 1665 290 1706 ;
309 1644 443 1706 insequitur
453 1644 554 1693 cumulo
564 1649 701 1705 praeruptus
712 1655 783 1702 aquae
794 1653 874 1688 mons.

151 1731 184 1779 Hi
196 1746 292 1780 summo
303 1732 329 1780 in
340 1732 416 1780 ductu
426 1732 550 1795 pendent3
567 1731 606 1780 his
617 1730 684 1778 unda
693 1729 819 1779 dehiscens

147 1824 249 1870 Terram
264 1821 327 1870 inter
339 1821 426 1869 fluetus
438 1821 516 1884 aperit
524 1818 537 1883 3v
550 1820 611 1868 furit
621 1828 695 1868 aestus
705 1817 795 1868 arenis.

151 1909 207 1958 Tris
217 1912 298 1958 Notus
309 1911 420 1971 abreptos
429 1909 455 1958 in
464 1923 524 1958 saxa
534 1909 635 1958 latentia
643 1916 754 1970 torquet:

156 1998 244 2047 *Saxa
252 2007 338 2048 vocant
350 1999 415 2059 itali,
425 1999 511 2048 mediis
523 2013 578 2060 quae
591 1999 617 2047 in
629 1999 753 2056 fluetibus,
766 1998 844 2044 Aras:
854 1996 869 2025 *

152 2092 258 2139 Dorsum
268 2090 367 2138 inmane
378 2089 440 2138 mari
449 2103 554 2160 summo.
587 2088 645 2136 Tris
653 2089 735 2135 Eurus
747 2087 777 2134 ah
788 2087 839 2134 aito

153 2178 181 2228 In
191 2179 274 2227 brevia
285 2187 310 2228 et
321 2178 393 2242 syrtis
404 2160 501 2240 urguet,
513 2177 652 2226 miserabile
661 2175 726 2234 risu,

152 2266 283 2328 inliditque
293 2265 371 2325 vadis,
383 2273 454 2328 atque
465 2279 551 2327 aggere
562 2265 638 2325 cingit
649 2277 737 2313 arene.

124 2408 127 2414 ,
152 2357 245 2416 Unam,
257 2370 311 2417 quae
322 2355 408 2418 Lycios
418 2354 542 2416 fidumque
553 2353 655 2401 vehebat
666 2351 789 2409 Oronten,

152 2445 230 2509 Ipsius
243 2453 299 2494 ante
310 2445 394 2494 oculos
406 2444 491 2505 ingens
502 2457 517 2491 a
529 2441 618 2491 vertice
628 2448 719 2502 pontus

152 2535 179 2582 ln
192 2533 293 2596 puppim
305 2531 378 2580 ferit:
395 2531 528 2590 excutitur,
540 2542 680 2592 pronusque
691 2523 806 2587 magister

151 2624 263 2672 Volvitur
275 2622 301 2671 in
311 2630 400 2684 caput3
418 2629 456 2669 ast
467 2621 536 2670 iliam
548 2627 586 2668 ter
597 2611 685 2666 duetus
696 2615 787 2666 ibidem

149 2714 259 2776 Torquet
270 2725 342 2773 agens
354 2711 455 2770 cirmm,
467 2716 492 2758 et
502 2709 601 2772 rapidus
613 2714 682 2756 vorat
691 2718 790 2768 aequore
799 2711 894 2753 vortex.

150 2801 276 2865 Adparent
284 2801 334 2850 rari
346 2807 433 2849 nantes
444 2799 469 2847 in
481 2797 574 2860 gurgite
584 2805 668 2858 vesto3
729 2852 733 2855 ,

151 2893 227 2940 Arma
238 2891 330 2952 virum,
341 2891 487 2951 tabulaeque,
497 2897 522 2937 et
532 2887 609 2936 'i'roia
618 2900 678 2947 gaza
688 2899 731 2947 per
739 2885 827 2932 nudes.
924 2905 928 2910 ·

151 2984 208 3031 iam
219 2981 325 3030 validam
334 2979 422 3034 ilionei
433 2991 530 3038 navem,
540 2979 592 3038 jam
603 2976 675 3024 tortis
686 2975 797 3032 Achatae,

152 3071 185 3119 Et
195 3067 243 3133 que
254 3077 336 3120 vectuu
348 3071 424 3129 Abas,
436 3075 461 3117 et
471 3081 519 3130 qua
529 3065 670 3128 grandevus
681 3063 775 3121 Aletes,

152 3159 217 3212 Vicit
226 3161 323 3222 hiems;
339 3161 405 3210 laxis
413 3161 519 3208 laterum
528 3154 677 3220 eonpnmbus
688 3165 774 3200 omnes
