2334 3734
422 509 578 562 AENEIDOS
596 513 659 561 ΜΒ.
678 514 697 562 Ι.
915 511 960 560 143

157 639 231 689 lione
241 639 328 688 laetum
339 638 467 702 Tyriisque
478 640 543 689 diem
553 641 678 704 Troiaque
688 641 804 705 profectio

155 729 218 778 Euae
229 729 301 791 velis,
314 735 459 791 nostrosque
470 731 544 792 huJue
556 731 697 781 meminisse
709 732 825 783 minoren.

157 817 231 866 Adait
241 817 334 866 laetitiae
346 817 456 866 Baocbus
467 817 548 879 dator,
559 827 584 868 et
595 820 661 870 bona
670 822 748 870 duno.

158 907 192 954 Et
203 920 256 966 voa,
274 920 301 967 o,
312 913 414 967 coetum,
426 905 504 970 Tyrii,
516 906 637 957 celebrate
647 907 765 959 faventea.

158 993 239 1056 Dixit,
250 1003 276 1044 et
287 994 314 1043 in
325 1009 435 1044 mensam
445 995 547 1044 laticum
558 995 644 1045 libavit
653 997 785 1060 bonorem,

158 1083 299 1146 Primaque,
311 1083 397 1145 libato,
410 1098 507 1133 nummo
515 1087 591 1134 'tenua
602 1085 688 1147 adtigit
697 1099 749 1135 ore.

157 1175 224 1224 'ium
235 1173 306 1224 Bitiae
319 1174 385 1223 dedit
396 1174 543 1238 increpitans
554 1195 562 1237 ς
581 1176 627 1224 ille
637 1175 730 1239 inpiger
742 1175 823 1225 haunit

153 1263 317 1327 ‘Spumantem
329 1271 448 1325 pateram,
461 1272 486 1312 et
497 1263 570 1327 pleno
582 1277 609 1312 ae
619 1264 712 1326 proluit
721 1277 791 1314 auro.

160 1352 218 1400 Post
229 1350 271 1399 alii
282 1364 404 1413 proceres.
437 1350 539 1401 Cithara
548 1350 652 1400 crinitur
665 1353 737 1414 Iopaa

159 1439 283 1488 Personat
288 1445 384 1499 aurata,
397 1438 543 1501 docuitque
554 1454 685 1490 muxumua
697 1441 776 1491 Atiae.

161 1529 207 1580 iiic
218 1528 285 1578 canit
294 1536 417 1578 errantem
428 1529 523 1590 lunam,
536 1529 645 1591 nolitque
653 1530 750 1578 laborer
756 1549 765 1592 3

160 1618 233 1669 Unde
243 1619 373 1668 bominum
383 1633 470 1680 genua,
483 1625 508 1667 et
517 1617 641 1681 pecudea3
658 1618 722 1668 unde
733 1618 822 1680 imber,
831 1626 856 1668 et
865 1618 949 1682 ignem

159 1710 303 1768 Arctoum,
314 1707 456 1772 pluviaeque
469 1708 575 1771 Hyadas,
587 1708 744 1779 geminoaque
753 1708 875 1772 Trionem

161 1796 225 1852 Quid
236 1803 333 1846 tantum
344 1797 443 1846 Oceano
455 1804 586 1860 properent
597 1811 623 1845 ae
633 1796 744 1859 tinguere
755 1799 820 1847 solea

162 1885 274 1947 Hiberni,
286 1887 325 1935 vel
336 1901 390 1949 que
400 1885 477 1937 turdis
490 1899 559 1934 mora
570 1884 682 1934 noctibua
693 1887 780 1935 obstet.

161 1974 314 2037 ingeminant
325 1975 413 2038 plausu
423 1973 503 2038 mii,
515 1976 640 2038 'iroeaque
651 1982 794 2037 sequuntur.

161 2065 211 2113 Nec
223 2078 273 2112 non
285 2071 310 2111 et
321 2063 389 2112 vario
401 2071 498 2112 noctem
509 2077 623 2112 sermone
633 2065 745 2113 trahebat

160 2152 249 2202 Infelix
262 2151 336 2211 Dido,
348 2152 497 2214 longumque
506 2152 604 2200 bibebat
614 2165 738 2214 amorem3

160 2241 241 2290 Multa
251 2254 323 2304 super
336 2239 435 2288 Priamo
446 2239 564 2300 rogitans,
577 2253 649 2302 super
663 2242 768 2289 Hectore
779 2239 871 2288 multa:

160 2332 242 2392 Nunc,
254 2329 341 2393 quibua
352 2331 455 2378 Aurora)
465 2329 570 2378 venisset
583 2329 648 2377 nlius
660 2329 753 2390 armie3

161 2422 243 2482 Nunc,
255 2420 339 2483 queiea
351 2419 478 2469 Diomedis
490 2419 562 2482 equi3
580 2432 656 2478 nunc,
668 2425 771 2479 quantur
784 2417 898 2466 Achillea.

154 2509 241 2558 dmmo
252 2523 305 2570 age,
317 2517 367 2560 eta
378 2509 467 2572 prima,
479 2508 528 2568 dic,
540 2508 640 2570 boapea,
652 2505 747 2568 origine
758 2499 828 2555 dobin

160 2597 274 2658 insidiet,
286 2596 376 2659 inquit,
389 2598 512 2658 Danaum,
523 2609 639 2657 curiaque
649 2602 759 2654 tutorum,

160 2689 311 2750 Erroreaque
323 2695 395 2736 tuoe:
414 2689 478 2736 Nam
490 2687 574 2746 tejam
586 2685 689 2749 septima
699 2691 780 2748 portat

162 2777 284 2827 Omnibus
296 2785 419 2827 errantem
430 2775 502 2825 terrie
514 2783 539 2824 et
549 2774 663 2824 ductibus
675 2782 754 2824 aaut.
