2334 3734
378 485 559 536 BUCOLICA.
576 486 648 536 lact.
665 489 707 537 vl.
915 493 944 541 17

137 610 261 672 Agricolae
272 611 375 662 facient:
393 613 519 663 damnabis
529 622 557 662 tu
569 629 666 677 quoque
675 616 746 666 votis.

173 702 227 749 Mo.
245 701 305 756 Quae
316 702 372 763 tibi,
384 718 438 764 quae
448 704 492 752 tali
502 704 601 753 reddam
612 720 658 768 pro
668 706 777 755 carmine
786 705 866 755 dona!

139 790 205 837 Nam
216 804 293 851 neque
303 805 344 838 me
354 799 450 840 tautum
461 793 579 842 venientis
590 794 675 844 sibilus
686 795 773 853 austri,

139 879 193 926 Nec
201 893 313 942 percussa
320 883 406 941 jurant
416 881 492 930 fluctu
502 889 552 930 tam
562 882 646 942 litora,
658 897 703 932 nee
712 897 766 946 quoe

139 967 245 1016 Saxosos
256 968 320 1018 iuter
331 969 464 1018 decurrunt
472 970 575 1018 flumina
581 972 665 1020 valles.

174 1055 228 1102 Ma.
246 1057 298 1104 liae
309 1064 333 1105 te
344 1071 389 1104 uos
401 1057 481 1118 fragili
492 1057 638 1107 donabimus
649 1066 704 1110 ante
714 1059 812 1122 cicuts3

142 1145 202 1192 liaec
213 1159 270 1205 nos,
284 1147 430 1195 Formosum
443 1148 556 1211 Corydon
567 1149 667 1198 ardebat
676 1150 767 1198 Alexin
778 1171 784 1200 :

141 1236 200 1284 Hac
212 1235 296 1284 eadem
307 1236 398 1296 docuit,
414 1238 503 1298 Ctrjum
514 1241 603 1301 pecus?
623 1253 654 1287 au
664 1239 793 1289 lleliboei?

174 1325 228 1372 Mo.
247 1326 279 1372 At
289 1332 316 1374 tu
327 1339 396 1373 sume
408 1309 507 1388 pedum,
525 1327 601 1388 quod,
612 1342 652 1376 me
661 1343 737 1390 quum
748 1343 811 1392 saepe
821 1339 926 1390 mmet,

142 1415 199 1462 Non
211 1413 267 1462 tulit
277 1415 419 1475 Antigenes,
430 1423 455 1463 et
464 1423 517 1464 erat
526 1423 579 1464 tum
590 1416 677 1478 dignus
688 1417 775 1477 amari,

141 1503 287 1551 Formosum
297 1502 395 1567 paribus
406 1502 476 1552 nodis
488 1511 559 1565 atque
572 1519 630 1564 aere,
642 1505 763 1554 Menalca.

443 1742 577 1792 ECLOGA
594 1744 637 1801 Vl.

487 1908 604 1944 saturius.

142 2032 229 2079 Parnn
240 2028 368 2092 Syracosio
380 2030 476 2092 dignata
488 2040 525 2082 est
534 2031 619 2082 ludere
630 2046 701 2081 versu

142 2121 243 2180 Nostra,
254 2133 331 2181 neque
341 2121 439 2170 erubuit
449 2121 521 2170 silvas
532 2122 652 2182 habitare,
664 2121 760 2190 Thalia

141 2213 224 2264 Quum
235 2225 348 2260 canerem
359 2225 425 2272 reges
437 2218 461 2259 et
471 2210 568 2273 proelia,
582 2209 701 2274 Cynthius
711 2223 796 2259 arrrem

141 2299 226 2360 Vellit,
238 2308 263 2348 et
273 2300 411 2350 admonuit:
430 2303 565 2361 Pastorem,
577 2299 672 2362 Tityre,
687 2297 782 2362 pinguis

142 2389 243 2437 Pasoere
254 2397 350 2452 oportet
360 2388 422 2449 ovis,
433 2388 563 2438 deductum
573 2387 654 2437 dicere
665 2400 771 2434 carmen.

143 2480 215 2526 Nunc
226 2493 288 2540 ego;
305 2492 408 2540 namque
418 2492 491 2542 super
500 2477 545 2526 tibi
557 2484 640 2536 emat,
651 2474 693 2536 qui
703 2473 784 2522 dicere
795 2471 888 2533 laudes,

141 2568 215 2627 Vere,
226 2575 281 2616 tuas
293 2567 399 2630 cupiant,
411 2576 435 2617 et
446 2566 526 2616 tristia
535 2565 640 2616 condere
650 2562 731 2623 bella;

71 2646 73 2650 ’
142 2657 269 2717 agrestem
279 2655 346 2706 tenrri
358 2655 492 2704 meditabor
504 2653 623 2704 arundine
635 2654 743 2701 Musam.

143 2747 199 2795 Non
212 2746 305 2807 injussa
314 2760 383 2795 cano.
418 2746 443 2794 Si
456 2745 509 2808 quis
521 2752 603 2794 amen
614 2744 666 2790 hec
677 2753 784 2803 quoque,
794 2738 816 2805 ti
826 2737 880 2800 quit

145 2836 235 2898 Captus
245 2850 329 2892 amore
339 2838 414 2898 leget:
432 2843 456 2884 te
468 2842 568 2895 nostrae,
580 2835 655 2892 Vare,
667 2830 775 2894 myricae,

143 2926 181 2972 'l'e
190 2938 277 2972 nemus
287 2939 360 2973 omne
370 2933 454 2986 caoet3
472 2939 516 2972 nec
528 2924 620 2971 Phoebo
631 2910 722 2982 gratior
734 2919 843 2977 ulle‘est,

145 3016 224 3068 Quam
236 3014 283 3062 sibi
293 3030 346 3077 quae
357 3015 418 3072 Vari
427 3012 574 3077 praescripsit
585 3011 671 3074 pagina
684 3021 783 3058 nomen.

179 3102 285 3165 pergite,
297 3103 412 3153 Pierides.
447 3101 560 3153 Chromis
572 3109 598 3150 et
607 3099 732 3161 lllnasylos
742 3097 767 3145 in
779 3102 850 3164 antro

513 3205 527 3238 c
