2334 3734
226 550 273 596 sss
395 603 400 612 ¹
448 547 473 593 Ρ.
491 543 629 593 vrnomn
646 535 798 606 menonis

225 675 288 723 Lilia
300 674 444 732 funduntur,
456 671 542 734 strepit
551 671 631 719 omnis
643 685 768 720 murmure
779 685 886 734 campus.

227 762 353 811 Horrescit
361 762 415 810 visu
425 761 515 820 subito,
527 737 670 822 caussasque
681 759 783 822 requirit

226 851 320 900 Inscius
330 852 430 910 Encas,
441 865 494 912 qnae
506 850 555 898 sim
564 864 594 898 en
604 851 705 898 flumina
714 864 799 913 porro,

227 938 304 993 Quive
315 939 361 987 viri
372 947 440 988 tanto
451 939 589 1001 conplerint
599 937 694 998 agmine
706 937 779 1000 ripas.

227 1031 292 1077 Tum
303 1036 370 1092 pater
380 1029 513 1077 Anchises:
532 1027 638 1101 Animae,
648 1027 734 1089 quibus
746 1028 822 1075 altera
831 1027 882 1075 fato

229 1118 338 1180 Corpora
348 1118 476 1178 debentur,
485 1117 575 1166 Lethaei
588 1119 618 1166 ad
629 1117 737 1166 fluminis
749 1117 839 1168 undam

230 1205 332 1253 Securos
342 1205 426 1254 latices
436 1213 462 1254 et
471 1207 545 1266 longa
555 1205 646 1253 oblivia
656 1213 749 1268 potant.

176 1305 180 1312 ·
231 1293 281 1338 Has
293 1292 404 1353 equidem
416 1307 552 1341 memorare
563 1293 607 1340 tibi
616 1301 686 1354 etque
693 1293 823 1341 ostendere
834 1307 927 1352 coram,

229 1381 243 1428 J
247 1379 380 1441 ampridem
392 1380 455 1428 hanc
466 1381 560 1442 prolem
571 1379 641 1442 cupio
653 1394 795 1428 enumerare
806 1393 931 1428 meorum:

231 1469 285 1521 Quo
297 1468 373 1530 magis
385 1468 455 1517 ltalia
465 1483 560 1519 mecum
571 1470 653 1517 bebere
663 1477 767 1530 repertu.

231 1553 253 1601 0
266 1560 344 1615 pater,
356 1568 420 1612 anne
431 1552 522 1616 aliquos
533 1555 565 1619 ud
574 1555 664 1602 ooelum
676 1554 735 1602 hinc
745 1554 781 1602 ire
792 1554 925 1616 putendum
937 1563 975 1603 est

151 1657 154 1663 ¹
231 1642 352 1690 Sublimes
362 1643 466 1702 animas,
477 1643 613 1704 iterumque
624 1642 649 1690 in
660 1642 730 1690 tarda
741 1642 828 1692 reverti

232 1730 359 1791 Corpora?
379 1746 432 1792 quae
443 1731 505 1779 lucis
516 1731 612 1780 miseris
624 1738 673 1779 tem
686 1730 739 1778 dire
749 1731 852 1793 cupido?

231 1817 315 1864 Dicam
327 1813 438 1878 equidem
448 1837 456 1878 3
474 1832 518 1866 nec
529 1824 553 1866 te
565 1832 720 1881 suspensum,
732 1826 797 1878 nate,
809 1819 912 1880 beneb03

232 1905 338 1966 Suscipit
348 1905 478 1965 Anchises,
487 1916 559 1968 atque
571 1908 657 1956 ordine
667 1908 762 1968 singula
773 1907 864 1971 pandit.

265 1993 386 2055 Principio
398 1994 488 2041 coelum
499 2008 527 2042 ac
537 2003 625 2057 serres,
637 2009 782 2058 camposque
792 1996 917 2058 liquentis,

231 2081 409 2141 Lucentemque
420 2080 520 2141 globum
531 2083 618 2145 Lunae‚
629 2084 772 2146 'litaniaque
784 2091 858 2145 astra,

233 2171 338 2233 Spiritus
349 2171 415 2221 intus
426 2173 480 2234 ulit,
492 2181 616 2236 totamque
628 2174 709 2222 infusa
720 2189 763 2236 per
773 2176 840 2222 artus
905 2188 908 2200 ·

235 2262 306 2309 Mens
318 2261 392 2321 agitat
402 2264 504 2322 molem,
512 2270 537 2311 et
547 2276 636 2323 magno
646 2276 673 2310 se
683 2276 785 2324 corpore
796 2261 888 2310 miscet.

233 2345 293 2395 Inde
303 2349 431 2398 hominum
442 2350 608 2413 pmdumqne
618 2351 817 2412 genus-videque
828 2351 965 2411 volantum,

234 2419 330 2497 Et'quae
342 2451 479 2487 marmoreo
490 2441 538 2487 fert
548 2447 658 2488 monstra
668 2440 713 2487 sub
723 2454 820 2502 aequore
831 2422 927 2504 pontus.
1006 2442 1009 2448 '

236 2524 322 2582 lgneus
334 2531 371 2572 est
381 2526 437 2573 ollis
447 2525 516 2587 vigor
527 2513 552 2575 et
562 2527 668 2576 colentis
679 2527 746 2589 origo

235 2610 383 2670 Seminibus,
395 2621 511 2672 quantum
522 2630 572 2662 non
583 2616 657 2664 noxia
669 2631 772 2679 corpora
782 2617 888 2678 tardant,

236 2697 385 2758 Terrenique
396 2700 512 2748 hebetant
521 2710 599 2768 arms,
611 2687 801 2768 moribundaque
813 2687 929 2755 membra.

155 2782 160 2805 ⁷
237 2784 590 2852 Hincmetuunt,cupiuntque;
602 2793 863 2857 dblent,gaudentque;
875 2808 954 2856 neque
962 2808 1035 2844 auras

156 2894 158 2899 ,
238 2872 374 2934 Dispiciunt
384 2875 472 2922 clausae
483 2877 590 2926 tenebris
601 2888 626 2928 et
637 2895 732 2929 carcere
743 2895 815 2929 caeco.

239 2959 304 3012 Quin
316 2968 349 3020 et,
360 2975 473 3023 supremo
484 2978 559 3024 quum
571 2965 664 3014 lumine
675 2967 724 3014 vita
734 2967 843 3029 reliquit,

223 3047 296 3095 'Non
306 3056 387 3097 tamen
399 3064 471 3100 omne
482 3053 575 3101 malum
586 3053 691 3114 miseris,
704 3069 748 3103 noc
760 3055 869 3104 funditm
878 3070 964 3106 omnes

241 3133 370 3197 corporee
381 3138 500 3186 excedunt
510 3147 588 3203 pestes
599 3160 607 3202 3
625 3142 767 3204 penitusque
779 3157 877 3194 necesse
888 3151 925 3194 est
