<?xml version="1.0" encoding="UTF-8"?>
<!DOCTYPE html PUBLIC "-//W3C//DTD XHTML 1.0 Transitional//EN"
    "http://www.w3.org/TR/xhtml1/DTD/xhtml1-transitional.dtd">
<html xmlns="http://www.w3.org/1999/xhtml" xml:lang="en" lang="en">
 <head>
  <title>
</title>
<meta http-equiv="Content-Type" content="text/html;charset=utf-8" />
  <meta name='ocr-system' content='tesseract 3.04.00' />
  <meta name='ocr-capabilities' content='ocr_page ocr_carea ocr_par ocr_line ocrx_word'/>
</head>
<body>
  <div class='ocr_page' id='page_1' title='image "./publiivirgiliim00heyngoog/publiivirgiliim00heyngoog_0431.png"; bbox 0 0 2334 3734; ppageno 0'>
   <div class='ocr_carea' id='block_1_1' title="bbox 410 484 961 610">
    <p class='ocr_par' dir='ltr' id='par_1_1' title="bbox 410 484 961 610">
     <span class='ocr_line' id='line_1_1' title="bbox 410 484 961 610; baseline 0 -37"><span class='ocrx_word' id='word_1_1' title='bbox 410 525 567 575; x_wconf 71' lang='lat' dir='ltr'><strong>rnumoos</strong></span> <span class='ocrx_word' id='word_1_2' title='bbox 589 526 652 575; x_wconf 81' lang='lat' dir='ltr'><strong>uta.</strong></span> <span class='ocrx_word' id='word_1_3' title='bbox 668 527 713 575; x_wconf 88' lang='lat' dir='ltr'><strong>x1.</strong></span> <span class='ocrx_word' id='word_1_4' title='bbox 819 597 827 610; x_wconf 42' lang='lat'><strong>·</strong></span> <span class='ocrx_word' id='word_1_5' title='bbox 912 484 961 574; x_wconf 45' lang='lat' dir='ltr'><strong>³ror</strong></span> 
     </span>
    </p>
   </div>
   <div class='ocr_carea' id='block_1_2' title="bbox 167 651 912 3190">
    <p class='ocr_par' dir='ltr' id='par_1_2' title="bbox 167 651 912 3190">
     <span class='ocr_line' id='line_1_2' title="bbox 168 651 852 715; baseline 0.004 -16"><span class='ocrx_word' id='word_1_6' title='bbox 168 652 207 700; x_wconf 85' lang='lat' dir='ltr'><strong>ire</strong></span> <span class='ocrx_word' id='word_1_7' title='bbox 217 653 306 714; x_wconf 86' lang='lat' dir='ltr'><strong>placet,</strong></span> <span class='ocrx_word' id='word_1_8' title='bbox 317 651 429 714; x_wconf 79' lang='lat' dir='ltr'><strong>pacisque</strong></span> <span class='ocrx_word' id='word_1_9' title='bbox 441 665 516 701; x_wconf 89' lang='lat' dir='ltr'><strong>manu</strong></span> <span class='ocrx_word' id='word_1_10' title='bbox 525 651 676 715; x_wconf 72' lang='lat' dir='ltr'><strong>pretendere</strong></span> <span class='ocrx_word' id='word_1_11' title='bbox 687 666 787 715; x_wconf 86' lang='lat' dir='ltr'><strong>ramos;</strong></span> <span class='ocrx_word' id='word_1_12' title='bbox 848 664 852 672; x_wconf 90' lang='lat'>·</span> 
     </span>
     <span class='ocr_line' id='line_1_3' title="bbox 168 740 824 804; baseline 0.002 -15"><span class='ocrx_word' id='word_1_13' title='bbox 168 743 273 789; x_wconf 79' lang='lat' dir='ltr'><strong>Munera</strong></span> <span class='ocrx_word' id='word_1_14' title='bbox 283 740 403 804; x_wconf 87' lang='lat' dir='ltr'><strong>portantis</strong></span> <span class='ocrx_word' id='word_1_15' title='bbox 415 740 516 802; x_wconf 81' lang='lat' dir='ltr'><strong>aurique</strong></span> <span class='ocrx_word' id='word_1_16' title='bbox 526 741 654 803; x_wconf 80' lang='lat' dir='ltr'><strong>eborisque</strong></span> <span class='ocrx_word' id='word_1_17' title='bbox 666 742 757 790; x_wconf 85' lang='lat' dir='ltr'><strong>talenta</strong></span> <span class='ocrx_word' id='word_1_18' title='bbox 821 753 824 762; x_wconf 91' lang='grc'><em>·</em></span> 
     </span>
     <span class='ocr_line' id='line_1_4' title="bbox 167 827 754 899; baseline -0.002 -20"><span class='ocrx_word' id='word_1_19' title='bbox 167 832 199 879; x_wconf 87' lang='lat' dir='ltr'><strong>Et</strong></span> <span class='ocrx_word' id='word_1_20' title='bbox 209 830 296 878; x_wconf 84' lang='lat' dir='ltr'><strong>sellam</strong></span> <span class='ocrx_word' id='word_1_21' title='bbox 306 827 375 899; x_wconf 72' lang='lat' dir='ltr'><strong>regni</strong></span> <span class='ocrx_word' id='word_1_22' title='bbox 384 830 539 891; x_wconf 80' lang='lat' dir='ltr'><strong>trabeamque</strong></span> <span class='ocrx_word' id='word_1_23' title='bbox 550 828 656 889; x_wconf 75' lang='lat' dir='ltr'><strong>insignia</strong></span> <span class='ocrx_word' id='word_1_24' title='bbox 668 829 754 878; x_wconf 78' lang='lat' dir='ltr'><strong>nostri.</strong></span> 
     </span>
     <span class='ocr_line' id='line_1_5' title="bbox 168 917 815 977; baseline -0.002 -9"><span class='ocrx_word' id='word_1_25' title='bbox 168 919 295 968; x_wconf 82' lang='lat' dir='ltr'><strong>Consulite</strong></span> <span class='ocrx_word' id='word_1_26' title='bbox 307 918 333 967; x_wconf 94' lang='lat' dir='ltr'><strong>in</strong></span> <span class='ocrx_word' id='word_1_27' title='bbox 345 918 462 977; x_wconf 88' lang='lat' dir='ltr'><strong>medinm,</strong></span> <span class='ocrx_word' id='word_1_28' title='bbox 473 926 498 966; x_wconf 88' lang='lat' dir='ltr'><strong>et</strong></span> <span class='ocrx_word' id='word_1_29' title='bbox 509 918 581 967; x_wconf 89' lang='lat' dir='ltr'><strong>rebus</strong></span> <span class='ocrx_word' id='word_1_30' title='bbox 592 918 726 967; x_wconf 85' lang='lat' dir='ltr'><strong>succurrite</strong></span> <span class='ocrx_word' id='word_1_31' title='bbox 736 917 815 968; x_wconf 80' lang='lat' dir='ltr'><strong>fessis.</strong></span> 
     </span>
     <span class='ocr_line' id='line_1_6' title="bbox 198 1007 847 1076; baseline -0.003 -20"><span class='ocrx_word' id='word_1_32' title='bbox 198 1010 262 1076; x_wconf 71' lang='lat' dir='ltr'><strong>lum</strong></span> <span class='ocrx_word' id='word_1_33' title='bbox 273 1009 381 1057; x_wconf 79' lang='lat' dir='ltr'>Drances</span> <span class='ocrx_word' id='word_1_34' title='bbox 390 1007 455 1055; x_wconf 88' lang='lat' dir='ltr'><strong>idem</strong></span> <span class='ocrx_word' id='word_1_35' title='bbox 466 1007 586 1067; x_wconf 79' lang='lat' dir='ltr'><strong>infensus,</strong></span> <span class='ocrx_word' id='word_1_36' title='bbox 597 1021 669 1069; x_wconf 87' lang='lat' dir='ltr'><strong>quern</strong></span> <span class='ocrx_word' id='word_1_37' title='bbox 680 1007 758 1068; x_wconf 79' lang='lat' dir='ltr'><strong>gloria</strong></span> <span class='ocrx_word' id='word_1_38' title='bbox 768 1007 847 1056; x_wconf 87' lang='lat' dir='ltr'><strong>Turni</strong></span> 
     </span>
     <span class='ocr_line' id='line_1_7' title="bbox 168 1094 764 1157; baseline -0.002 -12"><span class='ocrx_word' id='word_1_39' title='bbox 168 1096 274 1157; x_wconf 89' lang='lat' dir='ltr'><strong>Obliqua</strong></span> <span class='ocrx_word' id='word_1_40' title='bbox 284 1094 375 1144; x_wconf 89' lang='lat' dir='ltr'><strong>invidia</strong></span> <span class='ocrx_word' id='word_1_41' title='bbox 385 1094 536 1156; x_wconf 77' lang='lat' dir='ltr'><strong>stimulisque</strong></span> <span class='ocrx_word' id='word_1_42' title='bbox 548 1094 654 1155; x_wconf 78' lang='lat' dir='ltr'><strong>agitabat</strong></span> <span class='ocrx_word' id='word_1_43' title='bbox 664 1096 764 1155; x_wconf 86' lang='lat' dir='ltr'><strong>amaris,</strong></span> 
     </span>
     <span class='ocr_line' id='line_1_8' title="bbox 168 1184 820 1247; baseline -0.002 -14"><span class='ocrx_word' id='word_1_44' title='bbox 168 1187 259 1246; x_wconf 75' lang='lat' dir='ltr'><strong>Largus</strong></span> <span class='ocrx_word' id='word_1_45' title='bbox 271 1199 356 1247; x_wconf 87' lang='lat' dir='ltr'><strong>opum,</strong></span> <span class='ocrx_word' id='word_1_46' title='bbox 368 1192 392 1233; x_wconf 91' lang='lat' dir='ltr'><strong>et</strong></span> <span class='ocrx_word' id='word_1_47' title='bbox 404 1185 486 1245; x_wconf 81' lang='lat' dir='ltr'><strong>lingua</strong></span> <span class='ocrx_word' id='word_1_48' title='bbox 497 1185 596 1245; x_wconf 89' lang='lat' dir='ltr'><strong>melior,</strong></span> <span class='ocrx_word' id='word_1_49' title='bbox 607 1184 650 1233; x_wconf 88' lang='lat' dir='ltr'><strong>sed</strong></span> <span class='ocrx_word' id='word_1_50' title='bbox 658 1184 745 1245; x_wconf 76' lang='lat' dir='ltr'><strong>nigtda</strong></span> <span class='ocrx_word' id='word_1_51' title='bbox 754 1184 820 1232; x_wconf 88' lang='lat' dir='ltr'><strong>bello</strong></span> 
     </span>
     <span class='ocr_line' id='line_1_9' title="bbox 167 1271 770 1332; baseline -0.003 -11"><span class='ocrx_word' id='word_1_52' title='bbox 167 1274 284 1332; x_wconf 79' lang='lat' dir='ltr'>Dextera,</span> <span class='ocrx_word' id='word_1_53' title='bbox 296 1272 405 1321; x_wconf 88' lang='lat' dir='ltr'><strong>consiliis</strong></span> <span class='ocrx_word' id='word_1_54' title='bbox 416 1272 512 1321; x_wconf 87' lang='lat' dir='ltr'><strong>habitus</strong></span> <span class='ocrx_word' id='word_1_55' title='bbox 524 1286 574 1321; x_wconf 90' lang='lat' dir='ltr'><strong>non</strong></span> <span class='ocrx_word' id='word_1_56' title='bbox 585 1271 770 1331; x_wconf 80' lang='lat' dir='ltr'><strong>futilisauctor,</strong></span> 
     </span>
     <span class='ocr_line' id='line_1_10' title="bbox 167 1359 827 1425; baseline -0.005 -15"><span class='ocrx_word' id='word_1_57' title='bbox 167 1360 290 1411; x_wconf 89' lang='lat' dir='ltr'><strong>Seditione</strong></span> <span class='ocrx_word' id='word_1_58' title='bbox 301 1369 404 1425; x_wconf 80' lang='lat' dir='ltr'><strong>potens3</strong></span> <span class='ocrx_word' id='word_1_59' title='bbox 421 1374 496 1422; x_wconf 80' lang='lat' dir='ltr'><strong>genus</strong></span> <span class='ocrx_word' id='word_1_60' title='bbox 508 1359 564 1409; x_wconf 89' lang='lat' dir='ltr'><strong>huie</strong></span> <span class='ocrx_word' id='word_1_61' title='bbox 576 1366 687 1408; x_wconf 87' lang='lat' dir='ltr'><strong>materna</strong></span> <span class='ocrx_word' id='word_1_62' title='bbox 696 1361 827 1422; x_wconf 88' lang='lat' dir='ltr'><strong>superbum</strong></span> 
     </span>
     <span class='ocr_line' id='line_1_11' title="bbox 168 1422 757 1511; baseline -0.003 -12"><span class='ocrx_word' id='word_1_63' title='bbox 168 1450 288 1499; x_wconf 76' lang='lat' dir='ltr'><strong>Nobilitas</strong></span> <span class='ocrx_word' id='word_1_64' title='bbox 299 1450 381 1510; x_wconf 87' lang='lat' dir='ltr'><strong>dabat,</strong></span> <span class='ocrx_word' id='word_1_65' title='bbox 393 1422 514 1511; x_wconf 63' lang='lat' dir='ltr'><strong>incertum</strong></span> <span class='ocrx_word' id='word_1_66' title='bbox 525 1448 555 1497; x_wconf 88' lang='lat' dir='ltr'><strong>de</strong></span> <span class='ocrx_word' id='word_1_67' title='bbox 565 1457 633 1510; x_wconf 86' lang='lat' dir='ltr'><strong>patre</strong></span> <span class='ocrx_word' id='word_1_68' title='bbox 645 1449 757 1509; x_wconf 78' lang='lat' dir='ltr'><strong>ferebat3</strong></span> 
     </span>
     <span class='ocr_line' id='line_1_12' title="bbox 167 1522 785 1599; baseline -0.003 -13"><span class='ocrx_word' id='word_1_69' title='bbox 167 1538 259 1599; x_wconf 75' lang='lat' dir='ltr'><strong>Surgit,</strong></span> <span class='ocrx_word' id='word_1_70' title='bbox 271 1537 343 1586; x_wconf 89' lang='lat' dir='ltr'><strong>ethis</strong></span> <span class='ocrx_word' id='word_1_71' title='bbox 355 1522 441 1585; x_wconf 81' lang='lat' dir='ltr'><strong>onerat</strong></span> <span class='ocrx_word' id='word_1_72' title='bbox 451 1535 521 1598; x_wconf 86' lang='lat' dir='ltr'><strong>dictis</strong></span> <span class='ocrx_word' id='word_1_73' title='bbox 533 1544 604 1597; x_wconf 86' lang='lat' dir='ltr'><strong>atque</strong></span> <span class='ocrx_word' id='word_1_74' title='bbox 615 1544 712 1597; x_wconf 73' lang='lat' dir='ltr'><strong>aggerat</strong></span> <span class='ocrx_word' id='word_1_75' title='bbox 722 1536 785 1585; x_wconf 87' lang='lat' dir='ltr'><strong>iras:</strong></span> 
     </span>
     <span class='ocr_line' id='line_1_13' title="bbox 200 1626 851 1689; baseline -0.005 -13"><span class='ocrx_word' id='word_1_76' title='bbox 200 1630 261 1676; x_wconf 85' lang='lat' dir='ltr'><strong>Rern</strong></span> <span class='ocrx_word' id='word_1_77' title='bbox 272 1628 334 1676; x_wconf 92' lang='lat' dir='ltr'><strong>nulli</strong></span> <span class='ocrx_word' id='word_1_78' title='bbox 346 1628 485 1688; x_wconf 84' lang='lat' dir='ltr'><strong>obscuram,</strong></span> <span class='ocrx_word' id='word_1_79' title='bbox 496 1635 645 1676; x_wconf 82' lang='lat' dir='ltr'><strong>nostraenec</strong></span> <span class='ocrx_word' id='word_1_80' title='bbox 655 1626 720 1675; x_wconf 83' lang='lat' dir='ltr'><strong>vocis</strong></span> <span class='ocrx_word' id='word_1_81' title='bbox 730 1634 851 1689; x_wconf 77' lang='lat' dir='ltr'><strong>egentem,</strong></span> 
     </span>
     <span class='ocr_line' id='line_1_14' title="bbox 169 1702 820 1776; baseline -0.006 -10"><span class='ocrx_word' id='word_1_82' title='bbox 169 1716 293 1776; x_wconf 87' lang='lat' dir='ltr'><strong>Consulis,</strong></span> <span class='ocrx_word' id='word_1_83' title='bbox 305 1731 320 1765; x_wconf 92' lang='lat' dir='ltr'><strong>o</strong></span> <span class='ocrx_word' id='word_1_84' title='bbox 332 1717 396 1765; x_wconf 88' lang='lat' dir='ltr'><strong>bone</strong></span> <span class='ocrx_word' id='word_1_85' title='bbox 407 1731 459 1764; x_wconf 88' lang='lat' dir='ltr'><strong>rex.</strong></span> <span class='ocrx_word' id='word_1_86' title='bbox 493 1715 581 1765; x_wconf 86' lang='lat' dir='ltr'><strong>cuncti</strong></span> <span class='ocrx_word' id='word_1_87' title='bbox 594 1702 692 1763; x_wconf 47' lang='lat' dir='ltr'><strong>se&#39;scire</strong></span> <span class='ocrx_word' id='word_1_88' title='bbox 702 1715 820 1775; x_wconf 80' lang='lat' dir='ltr'><strong>fatentur,</strong></span> 
     </span>
     <span class='ocr_line' id='line_1_15' title="bbox 167 1802 804 1866; baseline -0.003 -15"><span class='ocrx_word' id='word_1_89' title='bbox 167 1803 232 1859; x_wconf 85' lang='lat' dir='ltr'><strong>Quid</strong></span> <span class='ocrx_word' id='word_1_90' title='bbox 242 1806 341 1853; x_wconf 84' lang='lat' dir='ltr'><strong>fortuna</strong></span> <span class='ocrx_word' id='word_1_91' title='bbox 351 1805 413 1851; x_wconf 82' lang='lat' dir='ltr'><strong>ierat</strong></span> <span class='ocrx_word' id='word_1_92' title='bbox 420 1802 503 1866; x_wconf 89' lang='lat' dir='ltr'><strong>populi</strong></span> <span class='ocrx_word' id='word_1_93' title='bbox 513 1822 520 1864; x_wconf 88' lang='lat'>;</span> <span class='ocrx_word' id='word_1_94' title='bbox 538 1802 581 1851; x_wconf 87' lang='lat' dir='ltr'><strong>sed</strong></span> <span class='ocrx_word' id='word_1_95' title='bbox 593 1802 674 1850; x_wconf 89' lang='lat' dir='ltr'><strong>dicere</strong></span> <span class='ocrx_word' id='word_1_96' title='bbox 687 1809 804 1850; x_wconf 86' lang='lat' dir='ltr'><strong>mussant.</strong></span> 
     </span>
     <span class='ocr_line' id='line_1_16' title="bbox 167 1891 713 1954; baseline -0.007 -12"><span class='ocrx_word' id='word_1_97' title='bbox 167 1895 215 1942; x_wconf 91' lang='lat' dir='ltr'><strong>Det</strong></span> <span class='ocrx_word' id='word_1_98' title='bbox 225 1894 361 1942; x_wconf 86' lang='lat' dir='ltr'><strong>libertatem</strong></span> <span class='ocrx_word' id='word_1_99' title='bbox 373 1893 451 1952; x_wconf 79' lang='lat' dir='ltr'><strong>tandi,</strong></span> <span class='ocrx_word' id='word_1_100' title='bbox 464 1894 582 1954; x_wconf 86' lang='lat' dir='ltr'><strong>datusque</strong></span> <span class='ocrx_word' id='word_1_101' title='bbox 594 1891 713 1950; x_wconf 86' lang='lat' dir='ltr'><strong>remittat,</strong></span> 
     </span>
     <span class='ocr_line' id='line_1_17' title="bbox 168 1979 837 2044; baseline -0.006 -11"><span class='ocrx_word' id='word_1_102' title='bbox 168 1984 243 2043; x_wconf 79' lang='lat' dir='ltr'><strong>Cttjus</strong></span> <span class='ocrx_word' id='word_1_103' title='bbox 255 1983 286 2031; x_wconf 93' lang='lat' dir='ltr'><strong>ob</strong></span> <span class='ocrx_word' id='word_1_104' title='bbox 297 1982 430 2044; x_wconf 86' lang='lat' dir='ltr'><strong>auspicium</strong></span> <span class='ocrx_word' id='word_1_105' title='bbox 441 1979 573 2030; x_wconf 81' lang='lat' dir='ltr'><strong>iufaustum</strong></span> <span class='ocrx_word' id='word_1_106' title='bbox 584 1994 713 2042; x_wconf 81' lang='lat' dir='ltr'><strong>moresque</strong></span> <span class='ocrx_word' id='word_1_107' title='bbox 724 1979 837 2029; x_wconf 89' lang='lat' dir='ltr'><strong>sinistros</strong></span> 
     </span>
     <span class='ocr_line' id='line_1_18' title="bbox 172 2067 912 2135; baseline -0.007 -15"><span class='ocrx_word' id='word_1_108' title='bbox 172 2072 267 2135; x_wconf 81' lang='lat' dir='ltr'><strong>(Dicam</strong></span> <span class='ocrx_word' id='word_1_109' title='bbox 279 2070 401 2131; x_wconf 89' lang='lat' dir='ltr'><strong>equidem,</strong></span> <span class='ocrx_word' id='word_1_110' title='bbox 412 2070 469 2117; x_wconf 87' lang='lat' dir='ltr'><strong>licet</strong></span> <span class='ocrx_word' id='word_1_111' title='bbox 480 2083 549 2116; x_wconf 89' lang='lat' dir='ltr'><strong>arma</strong></span> <span class='ocrx_word' id='word_1_112' title='bbox 561 2069 623 2117; x_wconf 90' lang='lat' dir='ltr'><strong>mibi</strong></span> <span class='ocrx_word' id='word_1_113' title='bbox 634 2076 785 2130; x_wconf 76' lang='lat' dir='ltr'><strong>mortemque</strong></span> <span class='ocrx_word' id='word_1_114' title='bbox 796 2067 912 2129; x_wconf 87' lang='lat' dir='ltr'><strong>minetur)</strong></span> 
     </span>
     <span class='ocr_line' id='line_1_19' title="bbox 168 2142 809 2215; baseline -0.006 -7"><span class='ocrx_word' id='word_1_115' title='bbox 168 2157 273 2209; x_wconf 82' lang='lat' dir='ltr'><strong>Lumina</strong></span> <span class='ocrx_word' id='word_1_116' title='bbox 284 2164 321 2205; x_wconf 93' lang='lat' dir='ltr'><strong>tot</strong></span> <span class='ocrx_word' id='word_1_117' title='bbox 331 2142 445 2205; x_wconf 77' lang='lat' dir='ltr'><strong>cecidisse</strong></span> <span class='ocrx_word' id='word_1_118' title='bbox 455 2156 689 2215; x_wconf 83' lang='lat' dir='ltr'><strong>ducum,.totamque</strong></span> <span class='ocrx_word' id='word_1_119' title='bbox 700 2154 809 2204; x_wconf 86' lang='lat' dir='ltr'><strong>videmus</strong></span> 
     </span>
     <span class='ocr_line' id='line_1_20' title="bbox 170 2242 759 2298; baseline -0.012 -1"><span class='ocrx_word' id='word_1_120' title='bbox 170 2246 314 2298; x_wconf 81' lang='lat' dir='ltr'><strong>consedisse</strong></span> <span class='ocrx_word' id='word_1_121' title='bbox 325 2248 411 2293; x_wconf 89' lang='lat' dir='ltr'><strong>urbem</strong></span> <span class='ocrx_word' id='word_1_122' title='bbox 426 2245 507 2293; x_wconf 79' lang='lat' dir='ltr'><strong>lustu:</strong></span> <span class='ocrx_word' id='word_1_123' title='bbox 525 2243 583 2291; x_wconf 88' lang='lat' dir='ltr'><strong>dum</strong></span> <span class='ocrx_word' id='word_1_124' title='bbox 594 2242 670 2291; x_wconf 86' lang='lat' dir='ltr'><strong>Troia</strong></span> <span class='ocrx_word' id='word_1_125' title='bbox 681 2250 759 2291; x_wconf 88' lang='lat' dir='ltr'><strong>tentat</strong></span> 
     </span>
     <span class='ocr_line' id='line_1_21' title="bbox 170 2329 775 2394; baseline -0.013 -9"><span class='ocrx_word' id='word_1_126' title='bbox 170 2338 265 2394; x_wconf 89' lang='lat' dir='ltr'><strong>Castra,</strong></span> <span class='ocrx_word' id='word_1_127' title='bbox 276 2334 338 2394; x_wconf 78' lang='lat' dir='ltr'><strong>fugae</strong></span> <span class='ocrx_word' id='word_1_128' title='bbox 349 2333 436 2390; x_wconf 87' lang='lat' dir='ltr'><strong>fidens,</strong></span> <span class='ocrx_word' id='word_1_129' title='bbox 447 2340 473 2380; x_wconf 85' lang='lat' dir='ltr'><strong>et</strong></span> <span class='ocrx_word' id='word_1_130' title='bbox 482 2332 571 2379; x_wconf 86' lang='lat' dir='ltr'><strong>coelum</strong></span> <span class='ocrx_word' id='word_1_131' title='bbox 582 2329 679 2379; x_wconf 84' lang='lat' dir='ltr'><strong>territat</strong></span> <span class='ocrx_word' id='word_1_132' title='bbox 692 2329 775 2378; x_wconf 79' lang='lat' dir='ltr'><strong>armis.</strong></span> 
     </span>
     <span class='ocr_line' id='line_1_22' title="bbox 169 2418 753 2482; baseline -0.012 -8"><span class='ocrx_word' id='word_1_133' title='bbox 169 2426 254 2475; x_wconf 88' lang='lat' dir='ltr'><strong>Unum</strong></span> <span class='ocrx_word' id='word_1_134' title='bbox 265 2422 337 2471; x_wconf 90' lang='lat' dir='ltr'><strong>etiam</strong></span> <span class='ocrx_word' id='word_1_135' title='bbox 350 2419 494 2479; x_wconf 81' lang='lat' dir='ltr'><strong>derisistis,</strong></span> <span class='ocrx_word' id='word_1_136' title='bbox 507 2435 560 2481; x_wconf 86' lang='lat' dir='ltr'><strong>quae</strong></span> <span class='ocrx_word' id='word_1_137' title='bbox 572 2419 678 2482; x_wconf 84' lang='lat' dir='ltr'><strong>plurima</strong></span> <span class='ocrx_word' id='word_1_138' title='bbox 689 2418 753 2467; x_wconf 88' lang='lat' dir='ltr'><strong>mitti</strong></span> 
     </span>
     <span class='ocr_line' id='line_1_23' title="bbox 169 2510 828 2572; baseline -0.012 -11"><span class='ocrx_word' id='word_1_139' title='bbox 169 2511 314 2561; x_wconf 82' lang='lat' dir='ltr'><strong>Dardanidis</strong></span> <span class='ocrx_word' id='word_1_140' title='bbox 326 2510 420 2572; x_wconf 86' lang='lat' dir='ltr'><strong>dicique</strong></span> <span class='ocrx_word' id='word_1_141' title='bbox 429 2510 509 2569; x_wconf 83' lang='lat' dir='ltr'><strong>jubes,</strong></span> <span class='ocrx_word' id='word_1_142' title='bbox 522 2523 610 2567; x_wconf 77' lang='lat' dir='ltr'><strong>utrum,</strong></span> <span class='ocrx_word' id='word_1_143' title='bbox 624 2515 723 2569; x_wconf 84' lang='lat' dir='ltr'><strong>optume</strong></span> <span class='ocrx_word' id='word_1_144' title='bbox 734 2520 828 2567; x_wconf 77' lang='lat' dir='ltr'><strong>regum,</strong></span> 
     </span>
     <span class='ocr_line' id='line_1_24' title="bbox 170 2596 735 2663; baseline -0.011 -13"><span class='ocrx_word' id='word_1_145' title='bbox 170 2600 292 2663; x_wconf 70' lang='lat' dir='ltr'><strong>Adjicias3</strong></span> <span class='ocrx_word' id='word_1_146' title='bbox 311 2614 354 2649; x_wconf 90' lang='lat' dir='ltr'><strong>nec</strong></span> <span class='ocrx_word' id='word_1_147' title='bbox 366 2608 390 2648; x_wconf 90' lang='lat' dir='ltr'><strong>te</strong></span> <span class='ocrx_word' id='word_1_148' title='bbox 401 2599 476 2648; x_wconf 80' lang='lat' dir='ltr'><strong>ullius</strong></span> <span class='ocrx_word' id='word_1_149' title='bbox 486 2598 603 2658; x_wconf 69' lang='lat' dir='ltr'><strong>uiolentia</strong></span> <span class='ocrx_word' id='word_1_150' title='bbox 609 2596 704 2655; x_wconf 20' lang='lat' dir='ltr'><strong>evincat,</strong></span> <span class='ocrx_word' id='word_1_151' title='bbox 732 2647 735 2653; x_wconf 69' lang='grc'><strong>,</strong></span> 
     </span>
     <span class='ocr_line' id='line_1_25' title="bbox 172 2682 818 2749; baseline -0.009 -12"><span class='ocrx_word' id='word_1_152' title='bbox 172 2688 237 2743; x_wconf 88' lang='lat' dir='ltr'><strong>Quin</strong></span> <span class='ocrx_word' id='word_1_153' title='bbox 248 2696 331 2736; x_wconf 87' lang='lat' dir='ltr'><strong>natam</strong></span> <span class='ocrx_word' id='word_1_154' title='bbox 342 2687 437 2749; x_wconf 74' lang='lat' dir='ltr'><strong>egregio</strong></span> <span class='ocrx_word' id='word_1_155' title='bbox 448 2700 538 2747; x_wconf 75' lang='lat' dir='ltr'><strong>genero</strong></span> <span class='ocrx_word' id='word_1_156' title='bbox 549 2685 676 2746; x_wconf 79' lang='lat' dir='ltr'><strong>dignisque</strong></span> <span class='ocrx_word' id='word_1_157' title='bbox 683 2682 818 2747; x_wconf 75' lang='lat' dir='ltr'><strong>¹hymenaeis</strong></span> 
     </span>
     <span class='ocr_line' id='line_1_26' title="bbox 170 2754 889 2846; baseline -0.011 -21"><span class='ocrx_word' id='word_1_158' title='bbox 170 2779 231 2837; x_wconf 84' lang='lat' dir='ltr'><strong>Des,</strong></span> <span class='ocrx_word' id='word_1_159' title='bbox 241 2784 320 2839; x_wconf 84' lang='lat' dir='ltr'><strong>pater,</strong></span> <span class='ocrx_word' id='word_1_160' title='bbox 332 2784 356 2824; x_wconf 88' lang='lat' dir='ltr'><strong>et</strong></span> <span class='ocrx_word' id='word_1_161' title='bbox 367 2754 449 2838; x_wconf 67' lang='lat' dir='ltr'><strong>queem</strong></span> <span class='ocrx_word' id='word_1_162' title='bbox 460 2776 524 2824; x_wconf 88' lang='lat' dir='ltr'><strong>hanc</strong></span> <span class='ocrx_word' id='word_1_163' title='bbox 535 2782 627 2822; x_wconf 87' lang='lat' dir='ltr'><strong>aeterno</strong></span> <span class='ocrx_word' id='word_1_164' title='bbox 638 2773 729 2821; x_wconf 79' lang='lat' dir='ltr'><strong>foedere</strong></span> <span class='ocrx_word' id='word_1_165' title='bbox 736 2773 833 2846; x_wconf 71' lang='lat' dir='ltr'><strong>iungas.</strong></span> <span class='ocrx_word' id='word_1_166' title='bbox 885 2782 889 2785; x_wconf 87' lang='grc'><em>·</em></span> 
     </span>
     <span class='ocr_line' id='line_1_27' title="bbox 172 2863 801 2926; baseline -0.013 -13"><span class='ocrx_word' id='word_1_167' title='bbox 172 2865 275 2921; x_wconf 80' lang='lat' dir='ltr'><strong>Quodsi</strong></span> <span class='ocrx_word' id='word_1_168' title='bbox 286 2873 368 2913; x_wconf 87' lang='lat' dir='ltr'><strong>tantus</strong></span> <span class='ocrx_word' id='word_1_169' title='bbox 380 2866 453 2913; x_wconf 86' lang='lat' dir='ltr'><strong>habet</strong></span> <span class='ocrx_word' id='word_1_170' title='bbox 464 2863 553 2913; x_wconf 87' lang='lat' dir='ltr'><strong>mentis</strong></span> <span class='ocrx_word' id='word_1_171' title='bbox 564 2870 590 2910; x_wconf 92' lang='lat' dir='ltr'><strong>et</strong></span> <span class='ocrx_word' id='word_1_172' title='bbox 601 2867 801 2926; x_wconf 83' lang='lat' dir='ltr'><strong>pectoraterror:</strong></span> 
     </span>
     <span class='ocr_line' id='line_1_28' title="bbox 170 2947 812 3019; baseline -0.017 -14"><span class='ocrx_word' id='word_1_173' title='bbox 170 2958 253 3019; x_wconf 87' lang='lat' dir='ltr'><strong>Ipsum</strong></span> <span class='ocrx_word' id='word_1_174' title='bbox 264 2954 424 3011; x_wconf 86' lang='lat' dir='ltr'><strong>obtestemur,</strong></span> <span class='ocrx_word' id='word_1_175' title='bbox 437 2954 577 3013; x_wconf 86' lang='lat' dir='ltr'><strong>veniamque</strong></span> <span class='ocrx_word' id='word_1_176' title='bbox 590 2964 687 2999; x_wconf 87' lang='lat' dir='ltr'><strong>oremus</strong></span> <span class='ocrx_word' id='word_1_177' title='bbox 699 2949 729 2996; x_wconf 92' lang='lat' dir='ltr'><strong>ab</strong></span> <span class='ocrx_word' id='word_1_178' title='bbox 740 2947 792 3009; x_wconf 88' lang='lat' dir='ltr'><strong>ipso</strong></span> <span class='ocrx_word' id='word_1_179' title='bbox 804 2966 812 3007; x_wconf 89' lang='lat'>;</span> 
     </span>
     <span class='ocr_line' id='line_1_29' title="bbox 172 3036 775 3104; baseline -0.018 -11"><span class='ocrx_word' id='word_1_180' title='bbox 172 3043 257 3103; x_wconf 86' lang='lat' dir='ltr'><strong>Cedat,</strong></span> <span class='ocrx_word' id='word_1_181' title='bbox 266 3044 307 3102; x_wconf 85' lang='lat' dir='ltr'><strong>jus</strong></span> <span class='ocrx_word' id='word_1_182' title='bbox 317 3041 443 3104; x_wconf 80' lang='lat' dir='ltr'><strong>proprium</strong></span> <span class='ocrx_word' id='word_1_183' title='bbox 453 3041 503 3101; x_wconf 77' lang='lat' dir='ltr'><strong>regi</strong></span> <span class='ocrx_word' id='word_1_184' title='bbox 513 3040 646 3102; x_wconf 74' lang='lat' dir='ltr'><strong>patriaeque</strong></span> <span class='ocrx_word' id='word_1_185' title='bbox 657 3036 775 3101; x_wconf 84' lang='lat' dir='ltr'><strong>remittat.</strong></span> 
     </span>
     <span class='ocr_line' id='line_1_30' title="bbox 171 3125 747 3190; baseline -0.017 -9"><span class='ocrx_word' id='word_1_186' title='bbox 171 3131 236 3186; x_wconf 87' lang='lat' dir='ltr'><strong>Quid</strong></span> <span class='ocrx_word' id='word_1_187' title='bbox 247 3131 348 3179; x_wconf 86' lang='lat' dir='ltr'><strong>miseros</strong></span> <span class='ocrx_word' id='word_1_188' title='bbox 358 3129 430 3179; x_wconf 87' lang='lat' dir='ltr'><strong>toties</strong></span> <span class='ocrx_word' id='word_1_189' title='bbox 441 3127 560 3190; x_wconf 82' lang='lat' dir='ltr'><strong>inaperta</strong></span> <span class='ocrx_word' id='word_1_190' title='bbox 571 3126 679 3189; x_wconf 86' lang='lat' dir='ltr'><strong>pericula</strong></span> <span class='ocrx_word' id='word_1_191' title='bbox 688 3125 747 3173; x_wconf 83' lang='lat' dir='ltr'><strong>ciris</strong></span> 
     </span>
    </p>
   </div>
   <div class='ocr_carea' id='block_1_3' title="bbox 0 0 1176 3734">
    <p class='ocr_par' dir='ltr' id='par_1_3' title="bbox 0 0 1176 3734">
     <span class='ocr_line' id='line_1_31' title="bbox 0 0 1176 3734; baseline 0 0"><span class='ocrx_word' id='word_1_192' title='bbox 0 0 1176 3734; x_wconf 95' lang='lat' dir='ltr'><strong> </strong></span> 
     </span>
    </p>
   </div>
  </div>
 </body>
</html>
