2334 3734
366 524 566 576 eleopoleos
587 528 650 579 nm.
668 529 715 578 ill.
911 533 942 582 89

135 651 184 700 Aut
194 659 299 700 tonsum
310 650 531 716 tristicontingunt
540 669 630 719 eorpus
641 669 752 718 meroe,

135 741 167 790 Et
177 755 280 804 spumas
291 742 397 792 miscent
407 744 511 805 argenti,
522 745 623 807 riteque
631 746 736 806 sulfure,

134 830 258 892 ldreesque
269 830 345 893 pices,
356 839 382 880 et
392 833 488 895 pinguis
500 834 607 895 unguine
616 849 696 895 ceres,

134 919 296 981 Scillamque,
307 920 476 983 elleborosque
486 923 576 983 grsvls,
588 923 733 986 nigrumque
744 923 863 976 bitumen.

133 1005 190 1054 Non
200 1013 286 1054 temen
297 1007 350 1056 ulle
361 1007 436 1070 magis
446 1023 552 1070 presens
564 1011 665 1060 formes
675 1012 788 1060 laborum
798 1021 856 1072 est,-

132 1097 213 1149 Quem
225 1095 247 1144 si
259 1096 315 1158 quis
325 1097 391 1145 ferro
402 1098 482 1160 potuit
492 1099 630 1149 rescindere
641 1113 766 1150 summum

133 1183 230 1233 Ulceris
242 1197 280 1232 os.
313 1184 396 1234 Alitur
406 1185 504 1246 vitium,
515 1186 621 1250 vivitque
631 1188 750 1249 tegendo:

132 1271 198 1320 Dum
211 1271 318 1321 medices
329 1273 445 1322 adhibere
457 1289 545 1324 manus
556 1276 588 1325 ed
598 1277 701 1326 minere
710 1284 793 1340 postor

133 1361 256 1422 Abnegat,
268 1368 312 1409 eut
322 1362 426 1412 meliora
436 1363 494 1412 deos
506 1363 574 1414 sedet
583 1364 668 1414 omine
677 1380 788 1429 poscens.

132 1451 199 1506 enin
210 1450 297 1512 etiam,
309 1451 360 1500 ime
370 1452 441 1502 dolor
453 1454 578 1504 balantum
590 1456 672 1519 lapsus
682 1456 713 1506 sd
724 1469 783 1507 osse

132 1542 215 1596 Quum
226 1541 298 1602 furit,
311 1549 383 1604 etque
393 1550 461 1591 artus
472 1542 609 1606 depascitur
619 1543 688 1594 eride
699 1545 786 1605 febris,

133 1629 230 1679 Profuit
241 1629 354 1680 incensos
364 1637 438 1680 astru
449 1639 567 1692 evertere,
578 1640 603 1682 et
613 1633 677 1682 inter

132 1721 184 1768 lma
195 1719 271 1769 ferire
282 1720 351 1784 pedis
361 1720 489 1772 salientem
500 1721 619 1782 sangnine
627 1737 730 1772 veuemz

131 1808 230 1860 Bisaltas
241 1824 291 1872 quo
303 1826 371 1860 more
382 1812 473 1872 solent,
485 1825 588 1874 eoerque
600 1813 720 1873 Gelonus,

131 1899 213 1953 Quum
225 1899 289 1961 fugit
300 1899 326 1949 in
338 1899 483 1964 Rhodopen,
494 1909 567 1963 etque
577 1900 604 1950 in
614 1900 711 1950 deserte
721 1902 850 1961 Generum,

131 1987 163 2037 Et
173 1989 210 2037 lae
220 1996 364 2038 concretum
375 2003 432 2038 eum
444 1989 562 2051 sunguine
572 1997 641 2052 potet
647 1990 746 2052 equim.

164 2079 246 2132 Quam
256 2080 342 2140 procul
352 2085 395 2128 eut
404 2079 475 2128 molli
485 2079 615 2130 succedere
625 2081 713 2144 sepius
723 2081 817 2130 umbre

132 2165 239 2226 Videris,
251 2175 294 2216 eut
303 2181 411 2217 summes
422 2176 560 2231 carpentem
571 2167 681 2230 ignevim
691 2169 791 2229 herbas,

130 2255 319 2318 Extrememque
330 2257 408 2319 sequi,
420 2266 462 2307 eut
472 2257 554 2306 medio
566 2259 728 2321 procumbere
737 2271 825 2322 campo

133 2347 286 2407 Pascentem,
297 2354 322 2396 et
332 2359 393 2396 sere
403 2349 482 2397 solem
493 2348 610 2398 decedere
621 2348 687 2398 noeti
697 2368 703 2396 ι

132 2436 254 2486 Continuo
265 2437 363 2499 culpem
373 2419 439 2486 ferro
450 2451 579 2500 conpesce,
591 2437 659 2500 prins
671 2450 744 2499 quem

132 2524 191 2573 Dira
199 2540 243 2589 per
254 2526 380 2574 incentum
391 2533 489 2588 serpent
499 2526 611 2588 contegis
621 2526 715 2586 volgus.

131 2616 188 2664 Non
200 2623 251 2664 tem
262 2616 357 2677 eebor,
368 2626 442 2677 egens
455 2615 573 2676 hiemem,
586 2615 637 2665 ruit
646 2628 745 2677 equore
754 2615 838 2673 turbo,

132 2705 211 2758 Quem
222 2704 307 2753 multet
318 2703 439 2767 pecundum
450 2711 537 2767 pestes.
571 2705 624 2752 Nee
634 2702 731 2764 singule
742 2702 823 2752 morbi

131 2792 241 2855 Corpore
252 2791 409 2856 corripiunt3
427 2792 471 2841 sed
481 2799 533 2842 tete
544 2791 627 2841 estiva
637 2800 745 2854 repente,

130 2882 250 2945 Spemque
258 2869 407 2944 gregemque
415 2881 501 2941 simul,
511 2889 672 2942 cunctamque
682 2881 714 2928 eb
724 2877 818 2940 origine
829 2887 934 2940 gentem.

132 2971 195 3019 'lum
207 2970 278 3031 sciet,
290 2969 368 3020 ecrite
379 2970 449 3034 Alpis
460 2977 485 3020 et
496 2969 589 3020 Norica
599 2968 621 3018 si
631 2967 687 3030 quis

131 3059 237 3109 castelle
249 3058 275 3108 in
286 3059 398 3121 unuln,
410 3067 436 3109 et
444 3049 537 3122 lepidis
548 3071 606 3106 eron
615 3054 722 3116 limae,

130 3148 202 3197 Nunc
213 3161 310 3211 quoque
322 3156 376 3212 post
387 3155 455 3198 tento
466 3146 555 3207 videet,
568 3146 711 3206 desertaque
722 3157 797 3203 regne
