2334 3734
180 503 230 551 222
400 501 427 550 Ρ.
443 498 582 550 VIRGILII
600 498 753 550 MARONis

182 634 241 680 Non
248 644 318 681 arma
325 615 467 694 expedient,
477 638 575 693 totaque
586 643 617 678 ex
629 630 690 678 urbe
701 635 843 692 sequentur,

183 720 357 784 Deripientque
368 728 433 770 rates
442 720 485 770 elii
496 720 622 770 navalibus
634 721 643 768 ?
664 720 711 780 ite,

183 812 255 861 Ferte
265 811 307 861 citi
318 811 439 872 flammas,
451 810 506 860 date
516 812 580 871 vele,
593 809 703 874 inpellite
714 823 838 859 remos-

185 901 251 955 Quid
258 902 364 964 loquor?
380 909 422 954 eut
429 900 472 950 ubi
483 902 556 949 sum?
570 903 632 956 Quae
641 899 987 972 meptemiusanismuist?-

187 991 279 1040 Infelix
290 990 370 1040 Dido!
389 1005 455 1040 nune
466 999 491 1039 te
502 990 566 1039 iacta
576 989 644 1052 inpia
653 991 775 1051 tangunt?

187 1082 252 1130 Tum
263 1081 355 1142 decuit,
367 1093 442 1144 quum
453 1087 547 1144 seeptra
557 1080 631 1130 debas
640 1081 719 1130 z-Eu
729 1079 816 1130 dextra
826 1079 933 1144 fidesque
943 1083 949 1130 !

189 1173 269 1226 Quem
280 1185 364 1220 secum
372 1170 463 1234 patrios
475 1170 544 1218 aiunt
554 1178 654 1233 portare
666 1169 778 1220 Penatis!

189 1262 269 1315 Quem
281 1256 383 1310 subiisse
393 1260 502 1309 humeris
512 1260 651 1309 coniectum
662 1267 733 1310 aetste
743 1267 870 1322 parentem
879 1263 921 1310 1-

191 1353 249 1400 Non
260 1350 330 1414 potui
340 1352 467 1414 abrepmm
477 1349 594 1400 divellere
604 1364 703 1413 eorpus,
712 1358 738 1400 et
746 1349 820 1399 undis

192 1441 329 1504 Spargere?
349 1456 399 1489 non
410 1440 500 1502 socios,
512 1455 563 1490 non
573 1440 654 1504 ipsum
665 1441 793 1490 absumere
803 1440 869 1490 ferro

193 1529 334 1592 Ascanium,
345 1529 477 1594 patriisque
488 1530 637 1594 epulandum
650 1543 741 1593 ponere
752 1529 844 1580 mensis
856 1533 902 1579 2-

191 1621 284 1670 Verum
294 1633 383 1684 anceps
394 1635 480 1683 pugnae
491 1621 572 1669 fuerat
582 1619 838 1683 fortuna.-Fuissee;

193 1712 273 1765 Quem
286 1710 361 1760 metui
373 1709 510 1760 moritura?
532 1711 607 1760 Fsees
618 1709 644 1759 in
656 1710 867 1773 castrandum,

194 1799 376 1863 Inplessemque
386 1801 454 1848 ieros
464 1798 581 1859 flammis,
593 1806 726 1862 natumque
737 1808 878 1864 patremque

196 1891 259 1940 cum
269 1903 357 1956 genere
367 1888 517 1950 exstinxem,
529 1897 621 1938 memet
631 1901 703 1952 super
715 1889 767 1954 ipss
778 1891 940 1942 dedissem.-

81 1999 90 2012 ·
195 1979 249 2039 Sol,
260 1978 302 2040 qui
314 1985 435 2027 terrarum
447 1977 553 2026 flammis
564 1991 638 2041 opera
649 1977 733 2030 omnia
743 1979 845 2043 lustras,

193 2069 281 2130 Tuque
291 2067 379 2116 hanun
389 2066 509 2132 interpres
521 2081 636 2117 curarum
647 2075 672 2118 et
681 2068 868 2132 wasemium,

195 2157 376 2220 Noemmisque
389 2159 480 2208 Hecate
491 2158 570 2208 triviis
581 2160 676 2210 ululata
687 2175 730 2223 per
743 2160 821 2224 urbis,

195 2248 229 2296 Et
240 2246 306 2296 Dirae
317 2247 427 2310 ultrices,
439 2255 464 2297 et
474 2247 500 2296 di
511 2249 639 2300 morientis
651 2249 748 2312 Elissa,

196 2335 308 2400 Adcipite
318 2325 382 2397 hee,
394 2337 556 2402 meritumque
568 2338 641 2388 malis
653 2337 770 2390 advertite
784 2353 886 2403 numen,

197 2427 230 2475 Et
241 2434 337 2476 nostras
349 2427 432 2477 audite
442 2443 534 2492 preses.
567 2430 595 2480 Si
605 2439 704 2493 tangere
715 2437 800 2494 portus

198 2515 330 2564 Infandum
341 2525 461 2579 capumc
471 2519 544 2567 terris
555 2519 647 2568 adnare
657 2534 755 2572 neeesse
766 2527 822 2583 ειη

197 2606 231 2654 Et
240 2604 276 2654 sic
287 2608 338 2654 sats
347 2607 417 2655 ,lovis
428 2616 547 2670 poecuut;
565 2609 605 2658 hic
616 2609 735 2660 terminus
746 2611 836 2662 haeretz

197 2697 232 2743 At
242 2695 308 2743 bello
319 2694 415 2743 audacis
427 2695 509 2758 populi
520 2704 621 2748 vexatus
632 2706 658 2748 et
668 2699 754 2762 umis,

197 2782 298 2832 linibus
309 2783 426 2843 extorris,
436 2786 558 2848 conplexu
568 2789 665 2856 avolsps
678 2789 737 2851 Iuli,

198 2870 328 2922 Auxilium
339 2870 455 2934 inploret,
466 2873 593 2937 videatque
605 2875 705 2940 indigns
716 2893 816 2930 suorum

198 2960 308 3022 Funera3
329 2974 385 3021 nec,
396 2976 472 3023 quum
483 2977 510 3012 se
520 2965 566 3013 sub
577 2966 642 3028 leges
654 2967 719 3030 pacis
730 2968 818 3032 iniquae
832 2945 836 2952 Ι

197 3049 347 3112 Tradiderit,
358 3066 432 3113 reguo
443 3062 486 3103 uus
496 3062 580 3118 optata
589 3057 644 3106 luce
657 3058 766 3111 frustum

198 3140 247 3190 Sed
258 3141 329 3191 cadet
338 3152 395 3192 ante
406 3143 481 3207 diem,
493 3146 619 3210 medieque
631 3147 773 3200 inhumatus
785 3161 865 3200 erens.
