2334 3734
417 524 577 573 AENEIDOS
592 526 655 573 LIB.
675 528 741 575 VIII.
924 530 975 578 343

185 652 359 712 sanguineum,
371 652 504 714 ingentem,
516 654 606 719 qualia,
618 668 693 715 quum
704 656 795 703 caenrla
808 656 885 703 nubes

185 740 250 789 Solis
260 740 390 791 inardescit
399 742 484 801 radiis,
496 743 615 804 longeque
626 743 745 805 refulget3

183 830 249 877 ‘lam
259 829 320 877 levis
330 843 414 878 ocreas
424 830 515 878 electro
526 844 634 892 auroque
645 838 753 891 recooto,

185 919 345 979 Hastamqne,
355 918 519 980 etelipeinon
530 920 667 968 enarrabile
678 928 782 969 textum.

184 1004 238 1055 Illic
248 1021 287 1055 ras
299 1008 373 1055 Italas
384 1009 599 1070 Romanorumque
608 1010 756 1072 triumphos,

185 1097 257 1145 Haud
267 1105 349 1145 vatum
360 1098 458 1158 ignarus
471 1098 614 1160 venturique
626 1099 717 1147 inscius
729 1100 783 1159 avi,

183 1184 282 1232 Feoerat
291 1184 447 1246 ignipoteus3
464 1186 516 1234 illio
526 1200 603 1247 genus
614 1200 688 1235 omne
699 1188 787 1236 futura

184 1273 273 1336 Stirpis
283 1275 313 1322 ab
324 1275 441 1335 Ascanio,
452 1283 604 1337 pugnataque
615 1274 640 1323 in
652 1274 738 1325 ordlne
749 1277 822 1325 bella.

183 1362 283 1411 Fecerat
291 1370 317 1410 et
328 1363 398 1411 viridi
409 1364 484 1412 fetam
494 1364 613 1413 Mavortis
624 1364 650 1412 in
660 1371 732 1413 antro

183 1450 344 1500 Procubnisre
354 1453 452 1515 lupam:
469 1453 579 1511 geminos
591 1454 648 1503 huic
659 1456 734 1503 ubera
745 1454 837 1504 circum
931 1470 934 1476 ·

183 1538 277 1588 Ludere
286 1539 414 1602 pendentis
424 1554 523 1603 pueros,
534 1550 561 1590 et
570 1543 678 1591 lambere
688 1544 791 1591 matrem

184 1626 312 1689 inpavidos
320 1647 329 1690 ;
346 1628 415 1676 illam
426 1630 498 1677 tereti
507 1630 600 1678 cervice
611 1630 728 1679 reflexam

182 1693 775 1781 uuroeienumoqeteorqoraangereungua.

182 1806 234 1854 Nec
245 1808 329 1869 procul
340 1806 521 1868 Muellerum,
530 1816 557 1857 et
565 1816 646 1871 raptum
657 1806 710 1858 sine
718 1823 787 1858 more
799 1808 914 1883 Sabinas¹

183 1894 307 1943 Consessu
316 1910 405 1955 cavere,
414 1896 510 1957 magnis
522 1896 677 1947 Cirnensibus
689 1898 759 1959 actis,

181 1982 324 2044 Addiderat,
334 1984 464 2045 subitoque
473 1999 564 2033 novum
574 2000 720 2047 oonsurgere
731 1986 824 2035 bellum

182 2072 331 2132 Romulidis,
342 2073 462 2135 latioque
473 2074 537 2133 seni,
549 2074 702 2137 Curibusque
713 2076 810 2125 severis.

182 2162 245 2208 Post
253 2160 331 2218 Idem,
344 2159 407 2207 inter
418 2174 445 2209 se
455 2159 535 2221 posito
546 2162 689 2222 oertamine,
701 2175 768 2222 reges

181 2248 279 2297 Armati
288 2248 359 2298 lovis
365 2257 425 2296 ante
434 2262 513 2309 aram,
525 2257 668 2312 paterasque
677 2258 799 2309 tenenat,

181 2338 295 2397 Stabant,
306 2344 331 2386 et
340 2351 403 2385 emsa
409 2338 545 2398 iungebant
555 2337 647 2387 ioedera
657 2352 739 2401 porca.

114 2489 118 2493 .
135 2405 139 2415 ι
183 2426 256 2475 Haud
265 2428 352 2489 procul
364 2425 434 2488 inde,
441 2426 497 2475 eitre
508 2428 605 2475 lienum
614 2427 641 2475 iu
651 2427 748 2476 diversa
759 2426 879 2491 quadrigar

181 2516 334 2568 Distuleraut
348 2517 384 2580 (at
393 2525 421 2565 tu
430 2517 513 2577 dietis,
525 2518 631 2576 Albane,
643 2504 755 2565 maneres
764 2514 797 2576 l),

182 2607 346 2669 Raptabatque
356 2606 402 2655 viri
413 2606 537 2655 mendacis
548 2605 639 2655 viscera
650 2605 739 2653 ‘lullus

183 2696 229 2744 Per
240 2694 336 2755 silvam,
347 2703 374 2743 et
382 2694 459 2759 sparsi
472 2696 589 2743 rorabant
598 2693 715 2756 sanguine
724 2707 818 2755 vepres.

182 2784 235 2831 Neo
246 2798 296 2831 nou
306 2784 468 2845 Tarquinium
479 2785 583 2843 eiectum
596 2785 703 2831 Porsena
710 2781 811 2841 jubebat
868 2790 873 2801 ¹

181 2869 311 2935 Adeipere,
322 2872 461 2934 ingentique
470 2873 556 2921 urbem
567 2870 695 2919 obsidione
706 2870 848 2933 premebat3

181 2959 296 3009 AEneadm
307 2958 333 3008 In
344 2959 438 3009 ferrum
448 2974 494 3022 pro
504 2959 616 3008 libertate
626 2958 737 3007 ruebant.

181 3050 255 3098 lllum
266 3047 402 3109 indignanti
412 3047 529 3107 similem,
540 3047 693 3109 similemque
705 3044 808 3093 minanti

180 3138 340 3201 Adspiceres3
358 3143 458 3199 pontem
468 3136 568 3185 auderet
577 3136 643 3199 quod
653 3135 741 3183 vellere
753 3134 849 3193 Coeles,
