2334 3734
402 554 560 605 AENEIDOS
577 557 640 607 ΗΒ.
657 560 691 608 Χ.

150 678 195 727 llle
206 678 272 729 sitim
279 682 424 744 morbosque
435 684 514 734 ferens
526 685 671 736 mortalibus
681 689 753 749 aegris

150 768 273 830 Nascitur,
281 777 307 819 et
316 770 377 819 laero
388 760 515 822 contristat
525 774 619 822 lumine
629 776 729 825 coelum.

181 857 253 906 Haud
264 866 346 909 tamen
357 861 441 910 audaci
451 864 536 911 Turno
547 863 637 912 dducla
647 864 720 914 cessit

149 944 233 995 Litora
242 948 382 1011 precipere,
393 956 417 997 et
427 950 544 1000 venientis
555 953 646 1013 pellere
658 960 731 1001 terra.

150 1032 166 1062 ¹⁵
174 1035 247 1083 Ultro
255 1036 350 1085 animos
361 1038 427 1087 tollit
437 1038 517 1099 dictis,
530 1027 602 1102 atque
607 1041 722 1105 increpat
732 1044 806 1094 ultro.
815 1047 831 1076 ¹*

150 1124 222 1177 Quod
232 1124 296 1173 votis
302 1128 413 1189 optastis,
425 1128 502 1188 adest,
514 1130 662 1191 perfringere
672 1132 765 1180 dextra.

150 1213 179 1260 ln
191 1214 301 1263 manibus
313 1217 380 1263 Mars
391 1216 451 1279 ipse,
463 1217 517 1265 viri.
551 1220 624 1266 Nunc
635 1218 744 1281 conjugis
755 1231 808 1270 esto

149 1300 257 1364 Quisque
268 1316 317 1352 suae
328 1304 432 1365 tectique
441 1320 633 1368 mernorgnunc
644 1321 732 1369 magna
742 1310 833 1359 referto

148 1390 220 1439 Facta
231 1400 337 1454 patrum,
349 1393 441 1442 laudes.
475 1395 548 1443 Ultro
560 1410 716 1446 occurramus
724 1399 755 1447 ad
766 1399 865 1461 undam,

89 1474 93 1485 ’
150 1478 214 1526 Dum
225 1479 312 1542 trepidi
322 1480 458 1542 egressique
467 1482 549 1531 labant
559 1484 659 1545 vestigia
669 1484 756 1546 prima.

147 1568 266 1616 Audentis
278 1570 385 1618 Fortuna
393 1571 474 1629 juvat:

149 1656 208 1705 llaec
219 1656 263 1717 ait,
274 1665 299 1706 et
309 1672 390 1706 secum
402 1667 491 1718 versat,
503 1674 563 1721 quos
576 1660 664 1709 ducere
674 1670 771 1723 contra,

148 1744 194 1792 Vel
205 1744 291 1807 quihus
302 1747 413 1797 obsessos
424 1748 501 1810 possit
511 1748 657 1798 concredere
669 1764 761 1800 muros.

182 1837 278 1883 Interea
288 1836 377 1891 AEneas
388 1837 467 1886 socios
478 1836 508 1887 de
519 1838 640 1900 puppibus
651 1840 707 1888 altis

128 1940 130 1945 ·
150 1923 266 1972 Pontibus
277 1924 384 1986 exponit.
418 1926 493 1974 Multi
505 1940 600 1974 serrare
611 1940 725 1976 recursus

148 2013 294 2073 Languentis
306 2014 394 2075 pelagi,
405 2021 430 2063 et
440 2015 552 2063 brevibus
564 2028 591 2063 se
599 2016 697 2063 credere
708 2016 789 2079 saltu3

150 2101 196 2149 Per
208 2115 289 2149 remos
301 2101 351 2149 alii.
384 2103 526 2163 Speculatus
537 2086 612 2151 litora
622 2105 730 2164 Tarcho,
803 2136 806 2143 -

148 2191 203 2244 Qua
212 2189 272 2237 vada
283 2203 333 2237 non
344 2188 447 2251 spirant,
458 2204 503 2237 uec
516 2190 593 2237 fracta
606 2198 770 2239 remurmurat
780 2190 855 2251 unda,

149 2277 199 2327 Sed
210 2291 276 2325 mare
287 2277 432 2325 inoffensum
444 2277 561 2325 crescenti
573 2276 694 2325 adlabitur
705 2285 779 2339 mstu3

149 2366 260 2416 Advertit
272 2366 352 2415 subito
362 2379 458 2428 proras,
469 2365 596 2427 sociosque
607 2372 735 2428 precatur:

151 2459 233 2516 Nunc,
245 2470 261 2505 o
271 2457 335 2505 lecta
345 2468 443 2515 manus,
457 2454 540 2503 validis
551 2453 682 2502 incumbite
693 2453 785 2515 remis;

142 2546 250 2606 Tollite,
262 2546 323 2594 ferte
334 2553 415 2605 rates3
433 2542 557 2592 inimicam
568 2542 653 2591 findite
665 2541 759 2614 rostris*

151 2637 220 2683 Hanc
230 2643 330 2695 terram,
343 2635 484 2695 sulcumque
496 2632 542 2681 sihi
553 2639 648 2694 premat
658 2631 712 2694 ipsa
721 2629 812 2679 carina.

151 2726 270 2785 Frangere
282 2738 326 2772 nec
336 2725 381 2771 tali
390 2722 490 2786 puppim
500 2722 604 2771 statione
615 2726 720 2782 recuso;

151 2814 258 2876 Adrepta
267 2814 356 2862 tellure
368 2815 450 2862 semel.
485 2815 545 2866 Quae
557 2812 615 2860 talia
625 2819 754 2886 postquam

153 2906 245 2953 horus
256 2903 365 2951 Tarcho:
383 2903 442 2951 socii
453 2916 600 2963 consurgere
611 2900 701 2960 tonsis,

155 2992 341 3056 Spumantisque
354 2999 417 3058 rates
429 2992 491 3040 arvis
503 2992 594 3039 inferre
605 2987 698 3037 Latinis
708 3006 716 3048 ς

154 3082 237 3129 Donec
248 3087 328 3129 rostra
337 3086 422 3127 tenent
433 3079 533 3138 siccum,
543 3086 568 3127 et
577 3076 661 3125 sedere
673 3075 762 3124 carinae

152 3171 245 3220 Omnes
256 3171 375 3220 innocuae.
408 3169 456 3219 Sed
467 3182 515 3217 non
527 3168 613 3231 puppis
623 3174 675 3227 tua,
686 3166 791 3215 Tarcho.
