2334 3734
438 531 595 582 AENEIDOS
613 533 676 581 ΜΒ.
693 532 725 583 Χ.
924 534 972 583 389

174 660 249 707 Alma
260 660 349 709 Venus.
385 659 471 709 Fidum
480 661 571 709 AEneus
582 660 678 709 adfatur
689 660 812 710 Achaten:

173 751 280 811 Suggere
291 750 340 799 tels
351 747 422 809 mihi,
435 764 484 798 non
497 751 576 798 ullum
589 750 689 799 dextera
700 750 791 799 inrstru

173 837 285 887 Torserit
292 837 319 889 in
331 838 445 897 Rutulus,
457 846 576 887 steterunt
588 853 641 899 quse
653 837 678 885 in
689 851 791 901 corpore
801 839 902 888 Graium

174 924 254 975 Iliacis
266 926 366 989 campis.
399 928 464 975 Tum
477 940 591 987 magnam
602 927 708 988 oonripit
717 928 822 988 hastam,

173 1014 205 1062 iit
213 1013 280 1073 jacit.
314 1015 360 1063 illa
371 1015 456 1063 volens
467 1014 539 1076 clipei
551 1015 730 1063 transverberat
740 1029 788 1065 aers

174 1102 290 1162 Mesenis,
301 1111 327 1152 et
336 1104 437 1153 thoraca
447 1103 521 1151 simul
532 1118 588 1151 curn
598 1111 696 1179 pectpre
707 1105 806 1166 rumpit.

175 1191 238 1239 Huic
250 1192 325 1241 frater
336 1193 401 1241 subit
412 1193 528 1252 Alcanor,
540 1192 690 1253 fratremque
699 1201 811 1242 mentem

174 1281 298 1329 Sustentat
309 1281 394 1329 dextra
404 1300 409 1328 :
427 1282 529 1341 trajecto
541 1280 615 1331 missa
625 1281 716 1329 lacerto

174 1368 289 1418 Protinus
300 1369 370 1417 hasta
381 1368 453 1429 fugit,
464 1375 590 1429 servatque
601 1376 701 1417 cruenta
714 1377 824 1417 tenorem
834 1390 843 1432 3

174 1458 326 1518 Dexteraque
337 1470 367 1505 ex
376 1456 478 1504 humero
490 1456 570 1505 nervis
581 1455 727 1505 moribunda
737 1458 858 1519 pependit.

173 1547 238 1595 'ium
250 1546 375 1606 Numitor,
381 1548 463 1607 jaculo
475 1545 559 1594 fratris
571 1545 601 1593 de
612 1559 714 1607 eorpore
725 1554 805 1608 rapto,

174 1637 268 1685 AEneun
280 1636 363 1699 petiit3
381 1636 483 1685 sednon
496 1642 520 1683 et
530 1635 604 1695 figere
615 1642 703 1683 uonna

173 1726 219 1773 Est
226 1724 331 1785 licitum,
343 1724 470 1785 magnique
481 1724 560 1771 femur
572 1721 714 1784 perstrinxit
725 1722 832 1771 Achates.
855 1777 860 1782 ,

175 1813 221 1863 Hic
234 1814 350 1875 Curibus,
362 1813 439 1863 fidens
450 1812 566 1875 primevo
577 1825 689 1874 corpore,
703 1811 807 1859 Clausus

174 1904 290 1964 Advenit,
301 1912 327 1952 et
337 1902 414 1965 rigida
424 1906 547 1966 Dryopem
558 1902 616 1950 ierit
626 1901 722 1949 eminus
733 1900 803 1949 hasta

176 1995 359 2053 Sarmentum,
371 1993 473 2053 graviter
485 2006 576 2055 pressa,
589 1991 727 2053 pariterque
738 1991 860 2052 loquentis

175 2085 267 2133 Vocem
279 2083 432 2143 animamque
444 2082 517 2142 rupit,
529 2082 630 2140 trajecto
643 2088 754 2141 gutture3
772 2088 798 2128 at
808 2081 851 2129 ille

175 2173 266 2221 Fronte
278 2170 335 2218 ierit
344 2178 445 2228 terrum,
455 2176 479 2217 et
489 2182 597 2216 cressum
609 2168 686 2216 vomit
696 2183 740 2217 ore
751 2182 871 2218 cruorem.

177 2260 234 2309 Tris
245 2272 341 2321 quoque
351 2256 478 2306 Threicios
490 2258 576 2304 Boreae
588 2254 619 2303 de
630 2262 701 2315 gente
712 2269 835 2317 suprema,

176 2349 210 2397 Et
220 2346 276 2406 tris,
288 2358 348 2408 quos
360 2344 415 2393 idus
426 2338 493 2407 puter
505 2350 530 2391 et
541 2342 620 2404 patria
631 2343 724 2390 Ismara
735 2342 820 2402 mittit,

177 2440 224 2487 Per
234 2436 314 2485 varios
326 2433 413 2484 sternit
422 2446 501 2482 casus.
534 2431 651 2480 Adcurrit
662 2431 778 2491 Halesus,

177 2528 346 2587 Aurunuoeque
359 2536 463 2583 manus3
480 2520 545 2570 subit
556 2526 581 2568 et
592 2518 716 2581 Neptunia
727 2519 819 2581 proles,

178 2615 282 2675 insignit
293 2615 419 2675 Messapus
431 2610 506 2672 equis.
539 2608 670 2671 Expellere
681 2608 785 2657 tendunt

178 2704 250 2750 Nune
261 2700 299 2760 hi,
311 2714 376 2749 nunc
388 2699 441 2760 illi;
458 2705 565 2747 certatur
576 2696 661 2745 limine
671 2696 697 2745 in
708 2697 761 2760 ipsu

177 2789 300 2839 Ausonias.
334 2791 424 2850 Magno
435 2786 558 2837 dissordes
569 2786 660 2835 aethere
671 2785 735 2833 venti

180 2878 270 2928 Prrslis
280 2892 324 2926 eeu
335 2878 436 2937 tollunt,
448 2875 536 2926 animis
547 2883 572 2924 et
582 2873 674 2923 viribus
685 2873 775 2935 aequis:

179 2971 236 3017 Non
247 2965 294 3030 ipsi
305 2965 368 3013 inter
380 2978 416 3024 se,
427 2980 478 3013 non
490 2963 585 3025 nubila,
596 2978 647 3011 non
660 2976 728 3010 mare
741 2960 845 3022 sedunt;

178 3064 274 3124 Auceps
285 3072 365 3122 pugna
376 3056 435 3118 diu3
452 3064 518 3105 stant
528 3056 630 3118 obnixi3
648 3054 732 3104 omniu
741 3060 835 3104 conus.
893 3095 895 3098 .

181 3150 252 3199 Haud
261 3148 332 3199 sliter
341 3148 456 3207 trojans
468 3144 530 3195 scies
542 3145 653 3205 aciesque
665 3143 757 3192 Latinoe
