2334 3734
208 464 259 517 408
448 467 475 515 Ρ.
491 466 628 515 vllselbn
645 466 799 515 MARONIS

211 594 271 643 Inde
282 593 348 643 aliud
359 608 431 657 super
441 601 513 655 etque
523 591 590 641 eliud
601 591 709 655 figitque,
720 593 832 655 solesque

212 683 307 745 Ingenti
317 698 388 747 guo:
406 684 448 733 ssd
458 683 561 733 sustinet
571 696 658 733 aureus
668 683 752 732 umbo.

210 772 260 820 Ter
271 771 362 819 ciuuum
373 770 508 821 adetum
518 770 592 821 laevus
603 770 717 831 equiuvit
727 769 753 817 iu
765 767 842 829 orbis,

211 859 273 907 Tele
283 872 357 907 manu
365 856 457 918 jaciens
466 877 474 919 3
491 866 529 907 ter
539 872 622 908 seeum
632 858 721 907 Troius
732 858 804 905 herus

213 948 338 995 Inmunem
349 954 423 997 aersuo
433 945 575 995 cimumfert
584 945 691 1007 tegmine
701 945 795 994 silvam.

213 1033 272 1081 Inde
282 1034 325 1082 ubi
336 1041 373 1082 tot
383 1033 486 1083 traxisse
497 1046 590 1093 mures,
600 1040 638 1081 tet
648 1032 739 1095 spicue
749 1031 823 1082 taedet

211 1122 318 1182 Vellere,
326 1130 351 1171 et
361 1128 476 1183 urguetur
487 1134 567 1184 pugne
578 1134 722 1181 congressus
728 1119 812 1181 inique
821 1138 828 1167 z

211 1208 292 1256 Multa
303 1222 402 1257 movens
412 1208 504 1268 animo,
513 1209 565 1268 jum
576 1207 676 1261 undem
686 1206 803 1269 erumpit,
815 1214 840 1255 et
850 1206 914 1255 inter

212 1296 342 1344 Bellatoris
353 1296 409 1357 equi
420 1309 478 1349 cese
488 1303 600 1357 tempora
610 1295 710 1355 oonjieit
719 1296 823 1347 hustunu

210 1384 289 1433 Tollit
300 1398 325 1433 se
336 1384 460 1433 adrectum
471 1384 617 1447 quadmpes,
629 1391 654 1434 et
663 1384 769 1436 essibus
780 1398 852 1435 eures

212 1473 339 1533 Verberat,
350 1474 500 1535 effusumque
511 1473 617 1535 equuuem
626 1486 699 1539 supeu
709 1474 761 1536 ipse
772 1480 868 1523 secunus

212 1560 324 1622 Inplent,
335 1562 458 1623 ejectoque
470 1560 589 1609 incumbit
596 1573 703 1609 cernuus
714 1574 792 1612 armo.

212 1647 326 1695 Clamore
336 1647 470 1697 incendunt
480 1648 569 1697 uoelum
579 1648 704 1708 Troesque
715 1640 850 1709 Letiuique.

210 1720 316 1783 Advolut
326 1736 426 1795 AEnees‚
438 1735 570 1797 vaginaque
581 1735 656 1797 eripit
666 1749 760 1795 ensem,

129 1855 131 1859 -
210 1821 243 1869 Es
254 1822 400 1883 superhaec:
420 1822 469 1870 Ubi
481 1836 545 1870 nunc
556 1822 694 1872 Mezentius
705 1837 770 1883 acer,
779 1832 805 1871 et
814 1823 858 1871 ille

210 1908 291 1957 Effera
301 1910 338 1956 vis
348 1907 424 1955 animi
434 1910 444 1955 ?
465 1909 559 1957 Contra
569 1910 722 1971 Tyrrhenus,
733 1918 761 1959 ut
771 1924 843 1961 suras

210 1996 347 2059 Suspiciens
358 1995 439 2043 hausit
450 1996 551 2057 eoelum,
563 2005 718 2060 mentemque
728 1999 832 2062 recepit:

210 2084 293 2133 Hostis
304 2097 395 2143 amare,
407 2084 466 2145 quid
476 2084 616 2149 increpitas,
629 2093 780 2148 morumque
787 2086 909 2135 mineris?

211 2172 314 2221 Nullum
325 2172 351 2219 in
362 2172 427 2221 caede
438 2174 523 2235 nefss;
541 2188 586 2223 nee
597 2174 632 2221 sic
643 2173 674 2221 ad
684 2173 771 2236 proelie
780 2174 852 2237 veui;

211 2262 262 2309 Nec
272 2267 351 2309 tecum
364 2275 432 2310 meus
444 2262 496 2311 haee
507 2262 598 2324 pepigit
608 2262 669 2309 mihi
679 2261 773 2310 foedere
782 2263 885 2312 lausus.

211 2350 295 2398 Unum
306 2349 364 2409 hoc,
375 2364 428 2412 per,
439 2350 460 2398 si
471 2358 565 2411 quaest
576 2350 645 2399 vietis
655 2350 727 2399 venie
736 2350 857 2411 hostibus,
868 2364 928 2413 0r03

212 2438 305 2500 Corpus
315 2438 391 2485 humo
404 2438 494 2501 patiere
505 2438 561 2499 tegi.
596 2437 652 2487 Seio
663 2440 748 2486 acerbe
757 2453 868 2490 meorum

212 2525 375 2575 Circumstase
386 2526 455 2576 odia:
474 2527 549 2587 hune,
561 2541 617 2587 oro,
629 2527 733 2577 defende
742 2529 868 2591 furerem

171 2644 173 2654 ·
211 2614 243 2661 Et
253 2626 292 2660 me
303 2622 441 2662 consortem
453 2613 504 2661 neti
514 2614 621 2663 eoncede
629 2616 749 2679 sepulcro.

210 2703 268 2749 Haec
279 2700 396 2762 loquitur,
407 2701 538 2763 juguloque
549 2702 615 2752 haud
625 2703 716 2755 luscius
726 2703 815 2767 adcipit
823 2718 917 2765 ensem,

213 2789 369 2850 Undentique
381 2789 486 2840 animem
498 2790 612 2841 diffundit
621 2792 647 2841 in
659 2806 727 2843 arma
737 2806 831 2841 eruore.
