2334 3734
420 497 578 547 AENEIDOS
595 498 657 547 ΗΒ.
676 500 718 548 Vl.
917 499 963 546 275

171 625 194 674 lt
204 639 295 686 comes,
306 632 334 674 et
341 625 438 686 juvenis
448 626 581 688 qnondam,
593 641 658 675 nunc
669 626 770 686 femina,
784 626 874 686 Caenis,
894 641 904 666 r

141 759 144 766 ,
172 713 264 763 Rursus
275 714 336 762 etin
346 721 450 762 veterem
463 715 513 764 fato
523 717 634 766 revoluta
644 717 754 777 figuram.

206 804 272 851 Inter
283 817 342 864 quas
355 803 481 852 Phoenissa
492 818 574 852 reoens
586 805 710 852 avolnere
721 804 783 854 Dido

174 891 277 939 Errabat
287 891 348 939 silva
358 892 384 939 in
396 906 494 952 magna:
512 906 584 953 quam
596 893 685 944 Troius
696 894 779 953 heros,

176 980 212 1028 Ut
222 978 328 1041 primum
336 981 407 1040 Juxta
418 979 494 1038 stetit,
506 980 664 1042 adgnovitque
675 994 718 1044 per
728 981 825 1032 umbras
842 990 847 1002 ·

176 1067 322 1128 Obscuram,
334 1069 429 1129 qualern
441 1068 520 1131 primo
530 1070 570 1131 qui
579 1083 677 1130 surgere
688 1079 772 1118 mense

174 1157 225 1203 Aut
234 1155 309 1215 videt,
321 1163 364 1204 aut
372 1155 460 1204 vidisse
471 1164 539 1218 putat
549 1169 592 1218 per
604 1157 688 1204 nubile
699 1158 803 1216 Lunam,
886 1207 894 1220 ,

177 1244 279 1293 Demisit
289 1244 412 1304 lacrimas,
424 1237 535 1305 dulcique
546 1244 640 1292 adfatus
653 1258 735 1293 amore
746 1253 798 1294 est:

177 1333 266 1382 Infelix
277 1332 350 1392 Dido,
361 1346 432 1381 verus
444 1332 504 1380 mihi
516 1332 615 1380 nuntius
627 1346 684 1393 ergo

175 1421 282 1486 Venerat
292 1420 447 1481 exstinctam,
458 1421 571 1483 ferroque
581 1429 693 1470 extrema
704 1429 809 1472 secutam
818 1425 825 1484 ς

178 1509 279 1558 Funeris
290 1510 337 1557 hen
348 1510 392 1558 tibi
402 1523 487 1558 caussa
497 1510 550 1558 fui?
571 1511 617 1558 Per
630 1509 709 1558 sidera
716 1511 784 1571 juro,

176 1599 223 1647 Per
234 1612 343 1660 superos,
355 1605 380 1646 et
392 1598 412 1645 si
424 1611 471 1658 qua
481 1598 540 1646 tides
552 1598 639 1646 teliurre
650 1597 695 1645 sub
707 1595 756 1645 ima
766 1605 818 1646 est:

179 1687 281 1745 Invitus,
293 1686 386 1748 regina,
397 1695 440 1736 tuo
452 1688 481 1735 de
492 1688 564 1736 litore
575 1688 645 1736 cessi.

98 1769 104 1776 ’
135 1813 142 1820 ,
178 1775 226 1825 Sed
236 1789 276 1824 me
284 1777 353 1835 iussa
363 1775 446 1834 deum,
457 1791 510 1837 quae
522 1791 588 1825 nuno
598 1777 642 1824 hes
653 1776 689 1824 ire
699 1776 857 1838 perumbras‚

178 1865 225 1911 Per
235 1864 290 1912 loca
301 1872 369 1912 senta
379 1864 427 1912 situ
438 1872 528 1925 cogunt
539 1875 681 1926 noctemque
692 1865 847 1928 profundam,

180 1951 289 2015 Imperiis
299 1965 368 2012 egere
381 1952 447 2014 suis;
466 1967 510 2000 noo
522 1952 619 2001 erodere
631 1952 696 2014 quivi

181 2042 252 2090 Hunc
262 2048 357 2090 tannun
368 2041 413 2089 tibi
424 2056 463 2089 me
472 2042 577 2090 discessu
589 2043 652 2089 serre
663 2041 781 2100 dolorem.

181 2131 244 2180 Siste
255 2131 367 2192 gradum,
378 2138 449 2191 teque
458 2129 571 2192 adspectu
582 2143 613 2177 ne
624 2130 738 2178 subtrahe
752 2138 844 2179 nostro.
880 2151 888 2157 ·

183 2221 261 2274 Quem
273 2220 353 2281 fugis?
373 2227 508 2267 extremm
521 2218 581 2276 fato,
594 2218 659 2277 quod
670 2225 693 2265 te
704 2218 831 2282 adloquor,
842 2219 888 2268 hoo
899 2227 942 2268 est.

181 2308 282 2356 Tannus
291 2309 381 2357 AEneas
392 2307 515 2355 ardentem
527 2313 552 2354 et
562 2313 631 2353 torva
638 2312 747 2353 tuentem

182 2396 286 2445 Lenibat
295 2396 365 2444 dictis
377 2396 496 2455 animum,
508 2395 667 2455 lacrimasque
678 2394 762 2442 ciebat.

185 2486 230 2532 iila
240 2486 293 2533 solo
305 2485 367 2532 fixos
378 2485 461 2533 oculos
472 2498 555 2532 eversa
565 2484 662 2531 tenebat
673 2503 680 2545 ;

185 2566 236 2621 Nec
249 2572 324 2633 magis
334 2572 428 2635 incepto
440 2574 531 2620 voltum
543 2585 656 2622 sermone
668 2579 787 2630 movetur,

186 2661 264 2713 Quum
277 2659 298 2708 si
310 2659 370 2708 dura
380 2660 442 2708 silex
454 2669 496 2708 aut
507 2668 554 2708 stet
565 2658 687 2721 Marpesia
698 2665 787 2706 cautes.

186 2747 296 2796 Tandem
304 2748 425 2811 conripnit
436 2763 499 2808 sese,
511 2756 581 2809 atque
592 2747 690 2795 inimica
701 2745 796 2806 refugit·

188 2837 217 2883 ln
229 2849 315 2883 nemus
326 2836 502 2896 umbriferum
519 2820 627 2895 conjunx
638 2835 679 2883 ubi
691 2834 807 2896 pristinus
819 2834 856 2882 illi

189 2923 327 2984 Respondet
337 2923 413 2982 omis,
424 2931 548 2984 equatque
559 2909 673 2986 S⁸ychaeus
684 2934 799 2969 amorem.
816 2941 818 2947 ·

190 3011 241 3058 Nec
254 3010 335 3058 minus
346 3011 446 3069 AEneas‚
457 3024 513 3078 casu
525 3023 652 3072 percussus
664 3008 758 3069 iniquo,

190 3098 347 3159 Prosequitur
358 3097 487 3154 lacrimans
498 3098 579 3158 longe,
592 3105 616 3146 et
626 3096 755 3145 miseratur
766 3102 872 3144 euntem.
