2334 3734
201 508 248 555 424
423 505 451 552 P.
463 502 600 550 VlRGlLIl
618 501 772 551 MARONIS

201 633 246 681 Sin
257 640 282 681 et
290 646 348 695 opes
356 630 440 691 nobis,
451 638 476 679 et
485 630 563 679 adhuc
571 630 663 678 intacta
669 632 795 689 juventus,

201 720 350 782 Auxilioque
359 722 431 769 urbes
442 720 510 768 ltaloe
521 719 652 781 populique
662 726 809 781 superstante

202 811 246 860 Sin
258 818 283 860 et
293 810 406 871 Trojanls
418 824 473 858 cum
485 809 563 857 multo
573 808 653 868 gloria
662 806 730 855 venit

202 899 343 961 Sanguine3
360 906 418 947 sunt
427 897 476 945 illis
488 899 640 956 sueinum,
651 910 742 959 parque
753 909 796 959 per
806 894 887 943 omnia

201 991 357 1051 Tempestas:
376 1003 419 1037 cur
430 987 554 1036 indecores
566 987 592 1035 in
604 987 689 1034 limine
701 986 781 1048 primo
846 1024 850 1029 Α

201 1075 353 1125 Delicimus?
372 1090 416 1124 cur
427 1074 483 1125 ante'
493 1077 576 1124 tubam
582 1081 680 1123 ‚tremor
690 1079 792 1135 occupat
802 1079 869 1121 artua
880 1074 890 1119 1

201 1166 282 1213 Multa
292 1164 343 1214 dies
354 1165 461 1226 variique
472 1165 542 1212 labor
553 1164 678 1212 mutabilis
688 1164 733 1212 aevi

201 1253 295 1302 Retulit
305 1253 331 1301 in
343 1252 430 1302 melius
441 1273 449 1315 3
468 1254 558 1301 multos
569 1253 665 1301 alterna
675 1252 784 1300 revisens

202 1342 272 1391 Lusit
282 1350 307 1391 et
316 1342 342 1390 in
354 1340 433 1390 solido
445 1354 529 1403 rursus
541 1342 650 1388 Fortuna
659 1340 756 1389 locauit.

201 1434 259 1481 Non
271 1432 319 1493 erit
327 1432 422 1485 auxilio
431 1431 501 1480 nobis
511 1432 609 1481 AEtolus
620 1439 646 1479 et
654 1430 730 1493 Arpi:

200 1525 236 1571 At
246 1524 373 1585 Messapus
384 1521 441 1582 erit,
455 1521 563 1583 felixque
573 1521 730 1580 Tolumnius,
742 1526 768 1567 et
777 1533 841 1581 qnos

199 1612 249 1659 Tot
259 1610 342 1673 populi
353 1609 441 1659 misere
451 1609 524 1659 duces
533 1630 541 1671 3
559 1624 604 1657 nec
614 1608 684 1657 tarda
694 1616 808 1670 sequetur

202 1698 287 1747 Gloria
298 1698 403 1759 delectos
414 1698 483 1747 Latio
494 1706 519 1746 et
529 1697 691 1746 Laurentibus
702 1695 776 1757 agris.

201 1791 247 1839 Est
257 1797 283 1839 et
292 1790 439 1839 Volscorum
450 1788 545 1850 egregia
552 1789 582 1837 de
593 1796 665 1849 gente
677 1786 791 1847 Camilla,

203 1878 298 1938 Agmen
309 1891 382 1937 agens
394 1877 514 1938 equitum,
527 1884 551 1925 et
561 1876 673 1925 florentis
683 1890 731 1924 aere
741 1883 857 1924 catervas.

204 1965 309 2019 Quodsi
321 1980 360 2013 me
371 1967 453 2015 solum
463 1966 553 2014 Teucri
564 1966 591 2013 in
599 1966 733 2015 certamina
740 1973 854 2028 poscunt,

203 2054 279 2115 quue
289 2053 378 2115 placet,
389 2060 533 2114 tantumque
543 2054 615 2103 bonis
624 2054 794 2103 comunibus
804 2054 889 2103 obsto:

144 2196 147 2203 .
205 2144 262 2191 Non
274 2142 334 2191 adeo
346 2143 390 2192 has
401 2156 476 2192 exosa
487 2157 574 2192 manus
584 2142 694 2191 Victoria
705 2142 777 2203 fugit,

202 2234 239 2282 Ut
246 2239 314 2281 tanta
323 2231 454 2294 quidquam
465 2247 511 2294 pro
522 2247 564 2295 spe
574 2235 671 2281 tentare
681 2232 800 2281 recusem.

203 2322 248 2369 lbo
258 2319 345 2369 animis
356 2328 458 2381 contra;
475 2322 513 2369 vel
527 2334 642 2381 magnum
653 2328 751 2384 prestet
761 2320 892 2379 Achillem,

102 2411 105 2415 ’
202 2410 322 2472 Factaque
333 2409 435 2459 Volcani
446 2410 557 2458 manibus
568 2410 637 2471 paria
646 2408 733 2458 induat
740 2424 810 2458 arma

203 2499 248 2548 llle
258 2499 323 2565 licet,
356 2499 431 2548 Vobis
443 2500 549 2548 animam
561 2500 624 2547 hanc
635 2513 765 2561 soceroque
776 2498 863 2547 latino

201 2588 301 2635 'turnus
312 2600 367 2647 ego,
379 2586 444 2634 haud
455 2587 498 2635 ulli
511 2593 620 2635 veterum
630 2587 719 2643 virtute
728 2587 859 2646 secundus,

201 2673 301 2723 Devovi.
335 2674 420 2722 Solum
432 2674 522 2721 AEneas
534 2682 612 2723 vocet.
645 2676 687 2734 Et,
698 2683 777 2733 vocet,
789 2688 842 2722 oro.

203 2764 254 2811 Nec
266 2763 374 2812 Drances
385 2762 476 2839 potius,
486 2763 536 2811 sive
547 2771 584 2811 eat
596 2764 647 2811 lraec
657 2764 814 2820 iradeornm,

204 2854 287 2901 Morte
299 2854 367 2915 luat3
385 2854 434 2903 sive
445 2862 482 2903 est
489 2853 566 2902 virtus
576 2861 602 2913 et
611 2854 699 2914 gloria,
710 2853 789 2902 tollat

236 2940 276 2988 llli
287 2940 338 2990 hac
349 2941 412 2993 inter
424 2956 450 2991 se
458 2942 537 2991 dubiis
548 2942 578 2990 le
590 2944 662 2991 rebus
673 2943 776 3003 agebant

203 3030 346 3090 Certantes;
363 3037 443 3081 castra
451 3032 541 3080 AEneas
553 3030 677 3091 aciemque
688 3031 806 3079 movebat.

202 3117 310 3164 Nuntius
321 3116 414 3176 ingenti
424 3132 466 3177 per
477 3118 543 3175 regia
553 3124 616 3165 tecta
625 3117 733 3165 tumultu
