<?xml version="1.0" encoding="UTF-8"?>
<!DOCTYPE html PUBLIC "-//W3C//DTD XHTML 1.0 Transitional//EN"
    "http://www.w3.org/TR/xhtml1/DTD/xhtml1-transitional.dtd">
<html xmlns="http://www.w3.org/1999/xhtml" xml:lang="en" lang="en">
 <head>
  <title>
</title>
<meta http-equiv="Content-Type" content="text/html;charset=utf-8" />
  <meta name='ocr-system' content='tesseract 3.04.00' />
  <meta name='ocr-capabilities' content='ocr_page ocr_carea ocr_par ocr_line ocrx_word'/>
</head>
<body>
  <div class='ocr_page' id='page_1' title='image "./publiivirgiliim00heyngoog/publiivirgiliim00heyngoog_0119.png"; bbox 0 0 2334 3734; ppageno 0'>
   <div class='ocr_carea' id='block_1_1' title="bbox 378 535 953 586">
    <p class='ocr_par' dir='ltr' id='par_1_1' title="bbox 378 535 953 586">
     <span class='ocr_line' id='line_1_1' title="bbox 378 535 953 586; baseline 0.007 -4"><span class='ocrx_word' id='word_1_1' title='bbox 378 535 577 586; x_wconf 83' lang='lat' dir='ltr'>GEORGICON</span> <span class='ocrx_word' id='word_1_2' title='bbox 596 537 659 585; x_wconf 73' lang='grc' dir='ltr'>ΜΒ.</span> <span class='ocrx_word' id='word_1_3' title='bbox 678 536 720 586; x_wconf 83' lang='lat' dir='ltr'>lv.</span> <span class='ocrx_word' id='word_1_4' title='bbox 907 537 953 586; x_wconf 79' lang='lat'>107</span> 
     </span>
    </p>
   </div>
   <div class='ocr_carea' id='block_1_2' title="bbox 139 663 825 2785">
    <p class='ocr_par' dir='ltr' id='par_1_2' title="bbox 139 663 825 2785">
     <span class='ocr_line' id='line_1_2' title="bbox 172 663 773 716; baseline 0.01 -6"><span class='ocrx_word' id='word_1_5' title='bbox 172 663 207 711; x_wconf 88' lang='lat' dir='ltr'>At</span> <span class='ocrx_word' id='word_1_6' title='bbox 218 669 297 711; x_wconf 82' lang='lat' dir='ltr'>mater</span> <span class='ocrx_word' id='word_1_7' title='bbox 310 663 419 714; x_wconf 91' lang='lat' dir='ltr'>sonitum</span> <span class='ocrx_word' id='word_1_8' title='bbox 428 665 538 714; x_wconf 79' lang='lat' dir='ltr'><strong>thalamo</strong></span> <span class='ocrx_word' id='word_1_9' title='bbox 549 666 596 714; x_wconf 89' lang='lat' dir='ltr'>suh</span> <span class='ocrx_word' id='word_1_10' title='bbox 607 665 717 714; x_wconf 84' lang='lat' dir='ltr'>fluminis</span> <span class='ocrx_word' id='word_1_11' title='bbox 728 665 773 716; x_wconf 84' lang='lat' dir='ltr'>ulti</span> 
     </span>
     <span class='ocr_line' id='line_1_3' title="bbox 140 750 756 819; baseline 0.01 -19"><span class='ocrx_word' id='word_1_12' title='bbox 140 750 238 800; x_wconf 79' lang='lat' dir='ltr'>Sensit:</span> <span class='ocrx_word' id='word_1_13' title='bbox 257 765 310 802; x_wconf 85' lang='lat' dir='ltr'>eam</span> <span class='ocrx_word' id='word_1_14' title='bbox 321 751 414 802; x_wconf 83' lang='lat' dir='ltr'>circum</span> <span class='ocrx_word' id='word_1_15' title='bbox 425 753 524 803; x_wconf 82' lang='lat' dir='ltr'>Milesia</span> <span class='ocrx_word' id='word_1_16' title='bbox 533 756 625 803; x_wconf 80' lang='lat' dir='ltr'>vellera</span> <span class='ocrx_word' id='word_1_17' title='bbox 636 757 756 819; x_wconf 78' lang='lat' dir='ltr'>Nymphae</span> 
     </span>
     <span class='ocr_line' id='line_1_4' title="bbox 142 841 670 906; baseline 0.009 -18"><span class='ocrx_word' id='word_1_18' title='bbox 142 841 293 902; x_wconf 79' lang='lat' dir='ltr'>Carpebant,</span> <span class='ocrx_word' id='word_1_19' title='bbox 306 842 373 904; x_wconf 83' lang='lat' dir='ltr'>hyali</span> <span class='ocrx_word' id='word_1_20' title='bbox 384 851 467 892; x_wconf 80' lang='lat' dir='ltr'>saturo</span> <span class='ocrx_word' id='word_1_21' title='bbox 478 845 558 892; x_wconf 75' lang='lat' dir='ltr'>lucete</span> <span class='ocrx_word' id='word_1_22' title='bbox 568 845 670 906; x_wconf 84' lang='lat' dir='ltr'>colore3</span> 
     </span>
     <span class='ocr_line' id='line_1_5' title="bbox 141 930 825 997; baseline 0.012 -21"><span class='ocrx_word' id='word_1_23' title='bbox 141 930 295 992; x_wconf 87' lang='lat' dir='ltr'>Drymoque,</span> <span class='ocrx_word' id='word_1_24' title='bbox 307 932 464 994; x_wconf 78' lang='lat' dir='ltr'><strong>Xanthoque,</strong></span> <span class='ocrx_word' id='word_1_25' title='bbox 477 932 607 994; x_wconf 78' lang='lat' dir='ltr'><strong>Ligeaque,</strong></span> <span class='ocrx_word' id='word_1_26' title='bbox 621 933 825 997; x_wconf 75' lang='lat' dir='ltr'>Phyllodoceque,</span> 
     </span>
     <span class='ocr_line' id='line_1_6' title="bbox 142 1018 739 1086; baseline 0.007 -18"><span class='ocrx_word' id='word_1_27' title='bbox 142 1018 273 1068; x_wconf 84' lang='lat' dir='ltr'>Caesariem</span> <span class='ocrx_word' id='word_1_28' title='bbox 285 1021 366 1069; x_wconf 82' lang='lat' dir='ltr'>effusae</span> <span class='ocrx_word' id='word_1_29' title='bbox 379 1021 481 1069; x_wconf 85' lang='lat' dir='ltr'>nitidam</span> <span class='ocrx_word' id='word_1_30' title='bbox 493 1037 535 1084; x_wconf 87' lang='lat' dir='ltr'>per</span> <span class='ocrx_word' id='word_1_31' title='bbox 546 1023 649 1072; x_wconf 80' lang='lat' dir='ltr'>candidu</span> <span class='ocrx_word' id='word_1_32' title='bbox 657 1025 739 1086; x_wconf 81' lang='lat' dir='ltr'>collu3</span> 
     </span>
     <span class='ocr_line' id='line_1_7' title="bbox 142 1107 781 1174; baseline 0.011 -18"><span class='ocrx_word' id='word_1_33' title='bbox 142 1107 157 1138; x_wconf 75' lang='lat'><em>*</em></span> <span class='ocrx_word' id='word_1_34' title='bbox 167 1109 265 1170; x_wconf 68' lang='lat' dir='ltr'>Nesaee,</span> <span class='ocrx_word' id='word_1_35' title='bbox 278 1109 394 1172; x_wconf 84' lang='lat' dir='ltr'>Spioque,</span> <span class='ocrx_word' id='word_1_36' title='bbox 405 1111 550 1172; x_wconf 74' lang='lat' dir='ltr'>Thaliaque,</span> <span class='ocrx_word' id='word_1_37' title='bbox 564 1112 781 1174; x_wconf 74' lang='lat' dir='ltr'>Cymodoceque,⁸</span> 
     </span>
     <span class='ocr_line' id='line_1_8' title="bbox 143 1197 750 1263; baseline 0.01 -19"><span class='ocrx_word' id='word_1_38' title='bbox 143 1197 307 1261; x_wconf 82' lang='lat' dir='ltr'>Cydippeque,</span> <span class='ocrx_word' id='word_1_39' title='bbox 319 1207 345 1246; x_wconf 89' lang='lat' dir='ltr'>et</span> <span class='ocrx_word' id='word_1_40' title='bbox 356 1199 418 1248; x_wconf 81' lang='lat' dir='ltr'>flava</span> <span class='ocrx_word' id='word_1_41' title='bbox 430 1200 543 1262; x_wconf 78' lang='lat' dir='ltr'>Lycorias</span> <span class='ocrx_word' id='word_1_42' title='bbox 556 1219 564 1262; x_wconf 82' lang='lat'>3</span> <span class='ocrx_word' id='word_1_43' title='bbox 583 1201 660 1249; x_wconf 78' lang='lat' dir='ltr'>alteru</span> <span class='ocrx_word' id='word_1_44' title='bbox 670 1201 750 1263; x_wconf 74' lang='lat' dir='ltr'>virgo,</span> 
     </span>
     <span class='ocr_line' id='line_1_9' title="bbox 139 1286 742 1354; baseline 0.01 -21"><span class='ocrx_word' id='word_1_45' title='bbox 139 1286 226 1334; x_wconf 79' lang='lat' dir='ltr'>Altera</span> <span class='ocrx_word' id='word_1_46' title='bbox 236 1293 287 1334; x_wconf 90' lang='lat' dir='ltr'>turn</span> <span class='ocrx_word' id='word_1_47' title='bbox 297 1287 393 1350; x_wconf 85' lang='lat' dir='ltr'>primos</span> <span class='ocrx_word' id='word_1_48' title='bbox 406 1288 503 1337; x_wconf 74' lang='lat' dir='ltr'>hucine</span> <span class='ocrx_word' id='word_1_49' title='bbox 514 1298 616 1351; x_wconf 79' lang='lat' dir='ltr'>experto</span> <span class='ocrx_word' id='word_1_50' title='bbox 625 1291 723 1340; x_wconf 84' lang='lat' dir='ltr'>labores</span> <span class='ocrx_word' id='word_1_51' title='bbox 733 1311 742 1354; x_wconf 74' lang='lat'>3</span> 
     </span>
     <span class='ocr_line' id='line_1_10' title="bbox 144 1374 731 1440; baseline 0.01 -16"><span class='ocrx_word' id='word_1_52' title='bbox 144 1374 247 1436; x_wconf 86' lang='lat' dir='ltr'>Clioque</span> <span class='ocrx_word' id='word_1_53' title='bbox 258 1383 282 1424; x_wconf 92' lang='lat' dir='ltr'>et</span> <span class='ocrx_word' id='word_1_54' title='bbox 293 1378 373 1424; x_wconf 90' lang='lat' dir='ltr'>Beroe</span> <span class='ocrx_word' id='word_1_55' title='bbox 384 1391 465 1438; x_wconf 89' lang='lat' dir='ltr'>soror,</span> <span class='ocrx_word' id='word_1_56' title='bbox 477 1377 633 1428; x_wconf 75' lang='lat' dir='ltr'>Oceanitides</span> <span class='ocrx_word' id='word_1_57' title='bbox 642 1381 731 1440; x_wconf 81' lang='lat' dir='ltr'>arubae,</span> 
     </span>
     <span class='ocr_line' id='line_1_11' title="bbox 143 1465 743 1530; baseline 0.007 -18"><span class='ocrx_word' id='word_1_58' title='bbox 143 1465 229 1512; x_wconf 81' lang='lat' dir='ltr'><strong>Ambae</strong></span> <span class='ocrx_word' id='word_1_59' title='bbox 241 1479 312 1525; x_wconf 83' lang='lat' dir='ltr'>suro,</span> <span class='ocrx_word' id='word_1_60' title='bbox 324 1466 393 1528; x_wconf 83' lang='lat' dir='ltr'>pictis</span> <span class='ocrx_word' id='word_1_61' title='bbox 406 1467 517 1517; x_wconf 81' lang='lat' dir='ltr'>incincte</span> <span class='ocrx_word' id='word_1_62' title='bbox 529 1467 634 1530; x_wconf 88' lang='lat' dir='ltr'>pellibus</span> <span class='ocrx_word' id='word_1_63' title='bbox 644 1469 722 1516; x_wconf 77' lang='lat' dir='ltr'>umbre</span> <span class='ocrx_word' id='word_1_64' title='bbox 734 1487 743 1530; x_wconf 87' lang='lat'>;</span> 
     </span>
     <span class='ocr_line' id='line_1_12' title="bbox 144 1558 758 1622; baseline 0.005 -18"><span class='ocrx_word' id='word_1_65' title='bbox 144 1558 225 1618; x_wconf 80' lang='lat' dir='ltr'>Atque</span> <span class='ocrx_word' id='word_1_66' title='bbox 236 1558 343 1620; x_wconf 87' lang='lat' dir='ltr'>Ephyre,</span> <span class='ocrx_word' id='word_1_67' title='bbox 356 1566 428 1620; x_wconf 80' lang='lat' dir='ltr'>atque</span> <span class='ocrx_word' id='word_1_68' title='bbox 441 1558 512 1622; x_wconf 87' lang='lat' dir='ltr'>Opis,</span> <span class='ocrx_word' id='word_1_69' title='bbox 525 1567 549 1607; x_wconf 90' lang='lat' dir='ltr'>et</span> <span class='ocrx_word' id='word_1_70' title='bbox 560 1559 621 1608; x_wconf 78' lang='lat' dir='ltr'>Asis</span> <span class='ocrx_word' id='word_1_71' title='bbox 632 1559 739 1622; x_wconf 76' lang='lat' dir='ltr'>Deiopea</span> <span class='ocrx_word' id='word_1_72' title='bbox 749 1579 758 1622; x_wconf 76' lang='lat'>3</span> 
     </span>
     <span class='ocr_line' id='line_1_13' title="bbox 143 1646 713 1709; baseline 0.007 -15"><span class='ocrx_word' id='word_1_73' title='bbox 143 1646 175 1694; x_wconf 87' lang='lat' dir='ltr'>Et</span> <span class='ocrx_word' id='word_1_74' title='bbox 185 1646 284 1695; x_wconf 85' lang='lat' dir='ltr'>tandem</span> <span class='ocrx_word' id='word_1_75' title='bbox 295 1647 380 1709; x_wconf 84' lang='lat' dir='ltr'>positis</span> <span class='ocrx_word' id='word_1_76' title='bbox 391 1650 464 1696; x_wconf 82' lang='lat' dir='ltr'>velox</span> <span class='ocrx_word' id='word_1_77' title='bbox 476 1650 599 1698; x_wconf 83' lang='lat' dir='ltr'>Arethusa</span> <span class='ocrx_word' id='word_1_78' title='bbox 610 1648 713 1709; x_wconf 74' lang='lat' dir='ltr'>sagittis.</span> 
     </span>
     <span class='ocr_line' id='line_1_14' title="bbox 145 1735 758 1813; baseline 0.007 -31"><span class='ocrx_word' id='word_1_79' title='bbox 145 1735 213 1783; x_wconf 87' lang='lat' dir='ltr'>Inter</span> <span class='ocrx_word' id='word_1_80' title='bbox 225 1749 285 1797; x_wconf 82' lang='lat' dir='ltr'>qnae</span> <span class='ocrx_word' id='word_1_81' title='bbox 296 1750 380 1784; x_wconf 84' lang='lat' dir='ltr'>curam</span> <span class='ocrx_word' id='word_1_82' title='bbox 394 1737 510 1800; x_wconf 88' lang='lat' dir='ltr'>Clymene</span> <span class='ocrx_word' id='word_1_83' title='bbox 522 1739 637 1786; x_wconf 80' lang='lat' dir='ltr'>narrshut</span> <span class='ocrx_word' id='word_1_84' title='bbox 648 1737 746 1786; x_wconf 78' lang='lat' dir='ltr'>inanem</span> <span class='ocrx_word' id='word_1_85' title='bbox 756 1807 758 1813; x_wconf 20' lang='grc' dir='ltr'><strong><em>Α</em></strong></span> 
     </span>
     <span class='ocr_line' id='line_1_15' title="bbox 145 1826 715 1891; baseline 0.007 -17"><span class='ocrx_word' id='word_1_86' title='bbox 145 1826 260 1886; x_wconf 78' lang='lat' dir='ltr'>Volcani,</span> <span class='ocrx_word' id='word_1_87' title='bbox 273 1827 408 1889; x_wconf 86' lang='lat' dir='ltr'>Martisque</span> <span class='ocrx_word' id='word_1_88' title='bbox 420 1828 491 1878; x_wconf 86' lang='lat' dir='ltr'>dolos</span> <span class='ocrx_word' id='word_1_89' title='bbox 503 1837 528 1877; x_wconf 89' lang='lat' dir='ltr'>et</span> <span class='ocrx_word' id='word_1_90' title='bbox 540 1828 622 1878; x_wconf 85' lang='lat' dir='ltr'>dulcio</span> <span class='ocrx_word' id='word_1_91' title='bbox 632 1829 715 1891; x_wconf 79' lang='lat' dir='ltr'>fruto3</span> 
     </span>
     <span class='ocr_line' id='line_1_16' title="bbox 143 1915 762 1976; baseline 0.003 -12"><span class='ocrx_word' id='word_1_92' title='bbox 143 1915 212 1976; x_wconf 86' lang='lat' dir='ltr'>Aque</span> <span class='ocrx_word' id='word_1_93' title='bbox 225 1915 293 1964; x_wconf 81' lang='lat' dir='ltr'>Chao</span> <span class='ocrx_word' id='word_1_94' title='bbox 304 1915 393 1965; x_wconf 88' lang='lat' dir='ltr'>densos</span> <span class='ocrx_word' id='word_1_95' title='bbox 405 1917 487 1966; x_wconf 83' lang='lat' dir='ltr'>divom</span> <span class='ocrx_word' id='word_1_96' title='bbox 498 1920 643 1966; x_wconf 73' lang='lat' dir='ltr'>numerabat</span> <span class='ocrx_word' id='word_1_97' title='bbox 655 1931 762 1968; x_wconf 83' lang='lat' dir='ltr'>amores.</span> 
     </span>
     <span class='ocr_line' id='line_1_17' title="bbox 145 2004 734 2070; baseline 0.01 -18"><span class='ocrx_word' id='word_1_98' title='bbox 145 2004 261 2053; x_wconf 78' lang='lat' dir='ltr'>Carmine</span> <span class='ocrx_word' id='word_1_99' title='bbox 273 2020 321 2068; x_wconf 94' lang='lat' dir='ltr'>quo</span> <span class='ocrx_word' id='word_1_100' title='bbox 331 2013 407 2069; x_wconf 74' lang='lat' dir='ltr'>capte</span> <span class='ocrx_word' id='word_1_101' title='bbox 418 2008 477 2056; x_wconf 90' lang='lat' dir='ltr'>dum</span> <span class='ocrx_word' id='word_1_102' title='bbox 489 2007 550 2057; x_wconf 84' lang='lat' dir='ltr'>fusis</span> <span class='ocrx_word' id='word_1_103' title='bbox 562 2007 648 2057; x_wconf 82' lang='lat' dir='ltr'>mollia</span> <span class='ocrx_word' id='word_1_104' title='bbox 657 2022 734 2070; x_wconf 82' lang='lat' dir='ltr'>pensu</span> 
     </span>
     <span class='ocr_line' id='line_1_18' title="bbox 145 2095 708 2160; baseline 0.011 -19"><span class='ocrx_word' id='word_1_105' title='bbox 145 2095 293 2157; x_wconf 82' lang='lat' dir='ltr'>Devolvunt,</span> <span class='ocrx_word' id='word_1_106' title='bbox 307 2096 396 2145; x_wconf 87' lang='lat' dir='ltr'>iterum</span> <span class='ocrx_word' id='word_1_107' title='bbox 407 2105 531 2146; x_wconf 79' lang='lat' dir='ltr'>maternas</span> <span class='ocrx_word' id='word_1_108' title='bbox 542 2097 633 2160; x_wconf 88' lang='lat' dir='ltr'>inpulit</span> <span class='ocrx_word' id='word_1_109' title='bbox 642 2098 708 2148; x_wconf 71' lang='lat' dir='ltr'>cuns</span> 
     </span>
     <span class='ocr_line' id='line_1_19' title="bbox 144 2183 718 2248; baseline 0.009 -17"><span class='ocrx_word' id='word_1_110' title='bbox 144 2183 235 2232; x_wconf 82' lang='lat' dir='ltr'>Luctus</span> <span class='ocrx_word' id='word_1_111' title='bbox 243 2183 351 2246; x_wconf 62' lang='lat' dir='ltr'>Aristaeh</span> <span class='ocrx_word' id='word_1_112' title='bbox 362 2185 493 2248; x_wconf 82' lang='lat' dir='ltr'>vitreisque</span> <span class='ocrx_word' id='word_1_113' title='bbox 504 2187 621 2236; x_wconf 87' lang='lat' dir='ltr'>sedilibus</span> <span class='ocrx_word' id='word_1_114' title='bbox 632 2201 718 2236; x_wconf 88' lang='lat' dir='ltr'>omnes</span> 
     </span>
     <span class='ocr_line' id='line_1_20' title="bbox 147 2270 764 2336; baseline 0.006 -16"><span class='ocrx_word' id='word_1_115' title='bbox 147 2270 301 2336; x_wconf 87' lang='lat' dir='ltr'>Obstupuere</span> <span class='ocrx_word' id='word_1_116' title='bbox 311 2294 320 2336; x_wconf 88' lang='lat'>;</span> <span class='ocrx_word' id='word_1_117' title='bbox 337 2273 380 2323; x_wconf 85' lang='lat' dir='ltr'>sed</span> <span class='ocrx_word' id='word_1_118' title='bbox 392 2282 448 2323; x_wconf 85' lang='lat' dir='ltr'>ante</span> <span class='ocrx_word' id='word_1_119' title='bbox 459 2275 519 2324; x_wconf 81' lang='lat' dir='ltr'>alias</span> <span class='ocrx_word' id='word_1_120' title='bbox 531 2276 656 2324; x_wconf 76' lang='lat' dir='ltr'>Arethusa</span> <span class='ocrx_word' id='word_1_121' title='bbox 664 2289 764 2324; x_wconf 87' lang='lat' dir='ltr'>sorores</span> 
     </span>
     <span class='ocr_line' id='line_1_21' title="bbox 146 2360 783 2427; baseline 0.013 -21"><span class='ocrx_word' id='word_1_122' title='bbox 146 2360 310 2423; x_wconf 82' lang='lat' dir='ltr'>Prospicieus,</span> <span class='ocrx_word' id='word_1_123' title='bbox 321 2377 417 2413; x_wconf 84' lang='lat' dir='ltr'>summa</span> <span class='ocrx_word' id='word_1_124' title='bbox 428 2363 517 2412; x_wconf 80' lang='lat' dir='ltr'>flavum</span> <span class='ocrx_word' id='word_1_125' title='bbox 528 2371 601 2427; x_wconf 82' lang='lat' dir='ltr'>caput</span> <span class='ocrx_word' id='word_1_126' title='bbox 610 2364 700 2414; x_wconf 84' lang='lat' dir='ltr'>extulit</span> <span class='ocrx_word' id='word_1_127' title='bbox 710 2363 783 2414; x_wconf 75' lang='lat' dir='ltr'>undu</span> 
     </span>
     <span class='ocr_line' id='line_1_22' title="bbox 145 2450 813 2514; baseline 0.006 -16"><span class='ocrx_word' id='word_1_128' title='bbox 145 2450 177 2499; x_wconf 85' lang='lat' dir='ltr'>Et</span> <span class='ocrx_word' id='word_1_129' title='bbox 188 2453 272 2514; x_wconf 90' lang='lat' dir='ltr'>procul</span> <span class='ocrx_word' id='word_1_130' title='bbox 284 2471 289 2500; x_wconf 89' lang='lat'>:</span> <span class='ocrx_word' id='word_1_131' title='bbox 302 2453 324 2502; x_wconf 95' lang='grc' dir='ltr'><strong>Ο</strong></span> <span class='ocrx_word' id='word_1_132' title='bbox 336 2453 427 2514; x_wconf 80' lang='lat' dir='ltr'>gemitu</span> <span class='ocrx_word' id='word_1_133' title='bbox 438 2469 488 2502; x_wconf 91' lang='lat' dir='ltr'>non</span> <span class='ocrx_word' id='word_1_134' title='bbox 501 2454 594 2504; x_wconf 81' lang='lat' dir='ltr'>frustra</span> <span class='ocrx_word' id='word_1_135' title='bbox 604 2452 722 2502; x_wconf 73' lang='lat' dir='ltr'>exterrita</span> <span class='ocrx_word' id='word_1_136' title='bbox 733 2461 813 2514; x_wconf 80' lang='lat' dir='ltr'>tanto,</span> 
     </span>
     <span class='ocr_line' id='line_1_23' title="bbox 147 2541 717 2606; baseline 0.004 -17"><span class='ocrx_word' id='word_1_137' title='bbox 147 2541 242 2604; x_wconf 86' lang='lat' dir='ltr'>Cyrene</span> <span class='ocrx_word' id='word_1_138' title='bbox 252 2556 334 2604; x_wconf 89' lang='lat' dir='ltr'>soror,</span> <span class='ocrx_word' id='word_1_139' title='bbox 346 2543 398 2606; x_wconf 91' lang='lat' dir='ltr'>ipse</span> <span class='ocrx_word' id='word_1_140' title='bbox 409 2544 464 2604; x_wconf 88' lang='lat' dir='ltr'>tibi,</span> <span class='ocrx_word' id='word_1_141' title='bbox 477 2552 519 2593; x_wconf 80' lang='lat' dir='ltr'>tua</span> <span class='ocrx_word' id='word_1_142' title='bbox 529 2543 638 2592; x_wconf 79' lang='lat' dir='ltr'>maximo</span> <span class='ocrx_word' id='word_1_143' title='bbox 646 2557 717 2603; x_wconf 83' lang='lat' dir='ltr'>curo,</span> 
     </span>
     <span class='ocr_line' id='line_1_24' title="bbox 145 2630 726 2694; baseline 0.005 -15"><span class='ocrx_word' id='word_1_144' title='bbox 145 2630 234 2681; x_wconf 80' lang='lat' dir='ltr'>Tristis</span> <span class='ocrx_word' id='word_1_145' title='bbox 247 2631 365 2682; x_wconf 86' lang='lat' dir='ltr'>Aristaeus</span> <span class='ocrx_word' id='word_1_146' title='bbox 377 2633 452 2682; x_wconf 89' lang='lat' dir='ltr'>Penei</span> <span class='ocrx_word' id='word_1_147' title='bbox 464 2633 581 2694; x_wconf 80' lang='lat' dir='ltr'>genitoris</span> <span class='ocrx_word' id='word_1_148' title='bbox 593 2632 623 2680; x_wconf 82' lang='lat' dir='ltr'>sd</span> <span class='ocrx_word' id='word_1_149' title='bbox 634 2632 726 2682; x_wconf 79' lang='lat' dir='ltr'>ondam</span> 
     </span>
     <span class='ocr_line' id='line_1_25' title="bbox 146 2722 754 2785; baseline 0 -13"><span class='ocrx_word' id='word_1_150' title='bbox 146 2723 201 2772; x_wconf 76' lang='lat' dir='ltr'>Stat</span> <span class='ocrx_word' id='word_1_151' title='bbox 210 2724 352 2785; x_wconf 83' lang='lat' dir='ltr'>lacrimans,</span> <span class='ocrx_word' id='word_1_152' title='bbox 363 2733 389 2774; x_wconf 90' lang='lat' dir='ltr'>et</span> <span class='ocrx_word' id='word_1_153' title='bbox 401 2732 426 2774; x_wconf 88' lang='lat' dir='ltr'>te</span> <span class='ocrx_word' id='word_1_154' title='bbox 438 2724 563 2773; x_wconf 82' lang='lat' dir='ltr'>crudelem</span> <span class='ocrx_word' id='word_1_155' title='bbox 575 2722 676 2772; x_wconf 86' lang='lat' dir='ltr'>nomine</span> <span class='ocrx_word' id='word_1_156' title='bbox 687 2722 754 2772; x_wconf 88' lang='lat' dir='ltr'>dicit.</span> 
     </span>
    </p>
   </div>
   <div class='ocr_carea' id='block_1_3' title="bbox 147 2798 810 3231">
    <p class='ocr_par' dir='ltr' id='par_1_3' title="bbox 147 2798 810 3231">
     <span class='ocr_line' id='line_1_26' title="bbox 148 2798 773 2874; baseline 0.002 -15"><span class='ocrx_word' id='word_1_157' title='bbox 148 2811 213 2860; x_wconf 85' lang='lat' dir='ltr'>Huic</span> <span class='ocrx_word' id='word_1_158' title='bbox 220 2826 336 2874; x_wconf 83' lang='lat' dir='ltr'>percussa</span> <span class='ocrx_word' id='word_1_159' title='bbox 345 2827 409 2863; x_wconf 83' lang='lat' dir='ltr'>nove</span> <span class='ocrx_word' id='word_1_160' title='bbox 418 2821 526 2862; x_wconf 85' lang='lat' dir='ltr'>mentem</span> <span class='ocrx_word' id='word_1_161' title='bbox 538 2798 670 2861; x_wconf 76' lang='lat' dir='ltr'>formidIne</span> <span class='ocrx_word' id='word_1_162' title='bbox 683 2819 773 2872; x_wconf 82' lang='lat' dir='ltr'>muter,</span> 
     </span>
     <span class='ocr_line' id='line_1_27' title="bbox 147 2901 750 2966; baseline 0.002 -17"><span class='ocrx_word' id='word_1_163' title='bbox 147 2902 211 2962; x_wconf 89' lang='lat' dir='ltr'>Duc,</span> <span class='ocrx_word' id='word_1_164' title='bbox 222 2915 277 2963; x_wconf 83' lang='lat' dir='ltr'>age,</span> <span class='ocrx_word' id='word_1_165' title='bbox 288 2901 335 2952; x_wconf 93' lang='lat' dir='ltr'>duc</span> <span class='ocrx_word' id='word_1_166' title='bbox 346 2903 376 2952; x_wconf 86' lang='lat' dir='ltr'>sd</span> <span class='ocrx_word' id='word_1_167' title='bbox 388 2917 452 2966; x_wconf 80' lang='lat' dir='ltr'>uos3</span> <span class='ocrx_word' id='word_1_168' title='bbox 470 2903 507 2952; x_wconf 82' lang='lat' dir='ltr'>fos</span> <span class='ocrx_word' id='word_1_169' title='bbox 519 2901 557 2951; x_wconf 89' lang='lat' dir='ltr'>illi</span> <span class='ocrx_word' id='word_1_170' title='bbox 568 2901 657 2950; x_wconf 85' lang='lat' dir='ltr'>limina</span> <span class='ocrx_word' id='word_1_171' title='bbox 667 2901 750 2950; x_wconf 84' lang='lat' dir='ltr'>divom</span> 
     </span>
     <span class='ocr_line' id='line_1_28' title="bbox 149 2990 764 3055; baseline -0.002 -16"><span class='ocrx_word' id='word_1_172' title='bbox 149 2991 272 3053; x_wconf 77' lang='lat' dir='ltr'>Tangere,</span> <span class='ocrx_word' id='word_1_173' title='bbox 288 2992 339 3055; x_wconf 82' lang='lat' dir='ltr'>ait;</span> <span class='ocrx_word' id='word_1_174' title='bbox 357 2992 432 3042; x_wconf 84' lang='lat' dir='ltr'>simul</span> <span class='ocrx_word' id='word_1_175' title='bbox 442 2993 494 3044; x_wconf 77' lang='lat' dir='ltr'>ulte</span> <span class='ocrx_word' id='word_1_176' title='bbox 500 2993 571 3053; x_wconf 85' lang='lat' dir='ltr'>jubet</span> <span class='ocrx_word' id='word_1_177' title='bbox 581 2990 703 3040; x_wconf 76' lang='lat' dir='ltr'>dhoedere</span> <span class='ocrx_word' id='word_1_178' title='bbox 714 2990 764 3039; x_wconf 81' lang='lat' dir='ltr'>late</span> 
     </span>
     <span class='ocr_line' id='line_1_29' title="bbox 149 3075 810 3145; baseline -0.003 -14"><span class='ocrx_word' id='word_1_179' title='bbox 149 3082 273 3145; x_wconf 82' lang='lat' dir='ltr'>Flumine,</span> <span class='ocrx_word' id='word_1_180' title='bbox 284 3075 333 3145; x_wconf 80' lang='lat' dir='ltr'>quo</span> <span class='ocrx_word' id='word_1_181' title='bbox 339 3081 436 3144; x_wconf 79' lang='lat' dir='ltr'>juvenis</span> <span class='ocrx_word' id='word_1_182' title='bbox 447 3097 543 3144; x_wconf 80' lang='lat' dir='ltr'>gressus</span> <span class='ocrx_word' id='word_1_183' title='bbox 553 3082 665 3132; x_wconf 79' lang='lat' dir='ltr'>inferret.</span> <span class='ocrx_word' id='word_1_184' title='bbox 691 3080 726 3130; x_wconf 79' lang='lat' dir='ltr'>At</span> <span class='ocrx_word' id='word_1_185' title='bbox 737 3079 810 3130; x_wconf 86' lang='lat' dir='ltr'>illum</span> 
     </span>
     <span class='ocr_line' id='line_1_30' title="bbox 151 3169 754 3231; baseline -0.007 -7"><span class='ocrx_word' id='word_1_186' title='bbox 151 3175 259 3224; x_wconf 70' lang='lat' dir='ltr'>Cuncta</span> <span class='ocrx_word' id='word_1_187' title='bbox 269 3173 293 3222; x_wconf 94' lang='lat' dir='ltr'>in</span> <span class='ocrx_word' id='word_1_188' title='bbox 307 3173 398 3224; x_wconf 85' lang='lat' dir='ltr'>montis</span> <span class='ocrx_word' id='word_1_189' title='bbox 409 3172 496 3224; x_wconf 80' lang='lat' dir='ltr'>sociem</span> <span class='ocrx_word' id='word_1_190' title='bbox 507 3169 669 3222; x_wconf 82' lang='lat' dir='ltr'>circumstetit</span> <span class='ocrx_word' id='word_1_191' title='bbox 677 3169 754 3231; x_wconf 85' lang='lat' dir='ltr'>undu,</span> 
     </span>
    </p>
   </div>
   <div class='ocr_carea' id='block_1_4' title="bbox 0 0 1188 3734">
    <p class='ocr_par' dir='ltr' id='par_1_4' title="bbox 0 0 1188 3734">
     <span class='ocr_line' id='line_1_31' title="bbox 0 0 1188 3734; baseline 0 0"><span class='ocrx_word' id='word_1_192' title='bbox 0 0 1188 3734; x_wconf 95' lang='lat' dir='ltr'> </span> 
     </span>
    </p>
   </div>
  </div>
 </body>
</html>
