2334 3734
352 491 549 544 GEORGIGON
565 496 629 544 LlB.
646 495 692 544 111.
891 492 922 540 tt

127 622 300 686 Continuoque
310 629 380 672 uuus
391 630 416 672 et
425 621 526 672 nomina
535 621 613 684 gentis
623 621 735 682 inurunt,

127 711 168 771 Et,
179 727 242 774 quos
253 718 297 761 aut
306 711 387 774 pecori
399 710 485 759 malint
495 711 636 760 submittere
646 709 768 768 habendo,

127 799 237 848 Antania
249 813 447 858 tetrasemos,
458 807 501 848 ant
512 799 621 848 scindere
632 810 723 847 terram

128 891 160 939 Et
169 905 284 954 campum
295 891 434 939 horrentem
445 889 527 938 fractis
538 889 659 938 invertere
670 887 754 950 glebis.

129 979 216 1027 Cetera
226 987 357 1042 pnscrmtur
367 978 451 1026 viridis
461 985 571 1026 armenta
580 992 623 1040 per
633 977 729 1025 herbas.

128 1067 167 1113 'lu
178 1080 240 1128 quos
251 1066 282 1114 ad
293 1066 399 1114 sudium
409 1073 481 1127 atque
491 1079 562 1114 usum
574 1063 692 1112 formabis
702 1068 832 1124 meatem,

130 1154 187 1202 Jam
198 1153 289 1201 riurlos
299 1154 408 1211 hertam,
420 1153 529 1215 viamque
539 1152 624 1201 insiste
635 1150 760 1212 domandi,

132 1242 197 1289 Dum
208 1241 292 1290 faciles
303 1241 378 1289 animi
385 1243 513 1301 Juvenum,
524 1241 583 1288 dnm
594 1239 693 1287 mobilis
702 1246 767 1288 etas.

132 1330 168 1376 Ac
179 1327 286 1391 primum
298 1329 366 1376 laxos
377 1329 444 1377 tenui
455 1328 485 1376 de
495 1327 586 1376 vimine
596 1327 684 1376 circlos

135 1417 228 1466 (letrici
238 1418 370 1477 subnecte;
387 1416 484 1476 dehinc,
495 1416 536 1464 ubi
547 1415 625 1464 libera
634 1415 699 1464 eolla

134 1504 237 1552 Servitia
248 1504 382 1562 adnuerint,
393 1504 451 1566 ipsis
462 1519 476 1552 e
486 1503 614 1566 torquibus
624 1510 694 1564 aptos

136 1593 216 1654 lunge
228 1606 308 1654 pares,
320 1599 345 1640 et
354 1606 412 1653 coge
423 1591 523 1652 gradum
534 1591 647 1638 conferre
655 1591 789 1648 Juvenc0s3

137 1682 215 1743 Atque
226 1681 337 1741 illirium
348 1693 410 1742 saepe
420 1687 481 1727 rotre
492 1679 611 1726 durantum
623 1677 707 1725 inanes

139 1771 183 1818 Per
193 1778 295 1828 terram,
309 1776 334 1817 et
344 1781 440 1816 summo
450 1765 549 1828 vestigia
559 1767 658 1830 pulvere
668 1765 775 1826 signent:

139 1860 197 1908 Post
207 1857 287 1906 valido
298 1857 377 1906 nitens
389 1857 434 1905 sub
444 1856 551 1918 pondere
561 1855 656 1916 faginus
667 1854 720 1902 axis

139 1947 271 2009 lustrepat,
282 1952 307 1994 et
314 1946 484 2006 junctostemo
495 1943 576 1992 trahat
586 1956 662 1991 urens
673 1941 748 1991 orbis.

140 2036 235 2083 Interea
245 2033 302 2096 pubi
314 2032 438 2081 indomita
448 2046 498 2079 non
509 2030 619 2091 gramina
629 2037 735 2088 tantum,

141 2125 190 2172 Nee
199 2136 283 2171 vescas
294 2121 395 2170 salicum
406 2121 516 2181 frondes,
526 2121 655 2181 ulvamque
665 2120 808 2182 palustrem,

142 2211 189 2260 Sed
198 2211 324 2259 frumenta
334 2223 408 2258 manu
418 2222 501 2270 carnes
513 2216 572 2258 sata.
606 2209 658 2256 Nee
668 2207 712 2255 tibi
724 2208 789 2266 ieta,

143 2301 212 2348 More
223 2307 331 2362 panum,
342 2297 412 2346 niven
422 2297 549 2360 inplebunt
559 2294 700 2344 mulctraria
709 2307 797 2354 nanee,

144 2387 190 2438 Sed
201 2395 253 2436 tota
263 2387 289 2435 in
300 2386 377 2435 duleis
387 2393 531 2435 consument
541 2386 618 2433 ubera
628 2392 706 2432 natos.

176 2475 219 2524 Sin
231 2474 263 2526 ad
273 2475 337 2522 bella
347 2473 423 2532 magis
433 2473 540 2521 studium
551 2479 692 2532 numasque
702 2470 805 2530 feroces,

145 2566 195 2612 Aut
205 2564 302 2626 Alphea
313 2562 372 2611 rotis
384 2562 482 2625 praelubi
492 2560 595 2609 flumina
606 2559 677 2619 Piae,

147 2653 178 2701 Et
188 2652 257 2701 lovis
268 2651 294 2700 in
305 2652 361 2700 luco
372 2665 457 2700 currus
469 2649 558 2710 agitare
569 2647 686 2696 volantis:

150 2739 244 2788 Primus
255 2740 311 2801 eqni
322 2741 391 2788 labor
401 2748 448 2798 est,
460 2738 554 2786 animos
565 2743 637 2797 atque
646 2748 714 2782 arma
723 2733 804 2781 videre

150 2829 299 2890 Bellantum,
311 2829 432 2890 littusque
444 2827 493 2891 pati
503 2847 511 2888 3
528 2833 654 2885 nactaque
664 2830 798 2885 gementem

151 2916 224 2966 Ferre
235 2915 325 2976 rotam,
336 2923 361 2964 et
372 2916 467 2964 stabulo
478 2915 559 2962 frenos
571 2912 654 2960 audire
664 2911 790 2971 sonantis3

150 3003 215 3051 'lum
226 3002 302 3064 magis
313 3011 383 3065 etque
394 3002 470 3064 magis
480 3001 575 3050 blandis
586 2999 689 3061 gaudere
699 2997 806 3060 magistri

153 3089 286 3152 Laudibus,
298 3097 324 3140 et
334 3091 424 3154 plausa
435 3089 543 3140 sonitum
553 3087 653 3137 cervicis
664 3100 754 3135 amare.
