2334 3734
366 516 565 568 GEORGICON
581 519 645 570 tta.
663 521 707 570 ΙΙΙ.

121 646 210 696 Sicubi
221 659 311 707 magna
322 645 391 695 Jovis
403 644 503 708 antiquo
516 648 605 696 robore
614 662 719 710 quercus

123 740 238 802 Ingentis
251 739 335 789 tendat
345 754 427 789 ramos
438 759 446 801 3
464 748 506 790 aut
517 741 595 791 sicubi
604 743 703 806 nigrum

124 829 231 878 Ilicibus
243 829 335 878 crebris
347 843 416 878 sacra
427 843 514 880 nemus
526 831 628 883 adcubet
637 835 744 897 ambra3

124 920 192 967 'liam
204 916 287 966 tenuis
300 917 358 965 dare
369 932 453 967 rursus
466 933 551 981 aqum,
563 927 588 970 et
598 935 696 983 pascere
705 938 791 974 rursus

126 1007 195 1056 Solis
207 1007 241 1055 ad
253 1020 383 1056 occasum:
401 1022 476 1082 quum
488 1009 591 1070 frigidus
601 1023 658 1060 aera
667 1025 751 1075 reaper

126 1101 275 1160 Temperat,
289 1104 314 1145 et
324 1098 402 1146 saltus
413 1097 493 1147 rescit
501 1101 553 1160 iam
566 1100 664 1149 roscida
674 1102 743 1162 luna,

128 1186 262 1248 Litoraque
274 1189 393 1251 alcyonen
404 1197 531 1248 resonant,
543 1189 698 1239 acalanthida
707 1190 783 1240 dumi.

131 1277 194 1334 Quid
206 1278 254 1328 tibi
266 1287 375 1341 pastores
388 1278 479 1341 Libyae,
491 1277 550 1339 quid
560 1292 651 1340 pascua
659 1293 732 1328 rerau

134 1370 282 1430 Proaequar,
294 1375 319 1416 et
330 1365 392 1416 raris
403 1366 511 1418 habitata
522 1367 628 1430 mapalia
638 1367 708 1416 tectis
719 1370 729 1416 ?

909 525 941 572 85

136 1459 204 1521 Saepe
215 1457 282 1506 diem
293 1463 447 1518 noctemque,
459 1463 484 1505 et
494 1463 574 1504 totum
585 1470 618 1505 ex
627 1456 714 1506 ordine
725 1471 846 1518 mensem,
936 1445 941 1456 ’

135 1547 245 1597 Pascitur
256 1547 325 1608 itque
336 1549 408 1610 meus
419 1546 493 1606 longa
503 1544 529 1594 in
541 1545 638 1594 deserta
647 1545 700 1594 aine
711 1545 770 1594 uilia

135 1636 273 1700 Hospitiis3
290 1643 386 1684 tantum
397 1634 477 1698 campi
485 1636 557 1695 jacet.
591 1633 683 1684 Omnia
693 1647 775 1684 aarum

132 1725 303 1776 armentarius
314 1725 374 1774 Afer
385 1725 444 1786 agit,
456 1732 603 1786 tecumque,
616 1725 761 1786 Laoemque,

132 1817 267 1878 Armaque,
278 1816 477 1878 Amyclaeumque
488 1827 584 1874 canera,
597 1815 759 1876 Cressamque
769 1813 917 1877 pharetram

134 1908 190 1954 Non
203 1919 273 1954 secus
285 1919 313 1953 ae
323 1903 408 1968 patriis
420 1917 474 1952 acer
487 1905 612 1952 Romanus
623 1903 650 1952 iu
662 1902 737 1953 armis

132 1997 227 2056 lnjusto
238 1995 285 2043 sub
296 1994 360 2042 fasce
372 1993 522 2055 viam'qaam
533 1992 621 2056 carpit,
630 2000 657 2041 et
667 1991 733 2042 hond

132 2087 197 2134 Ante
207 2091 376 2147 exspectatam
387 2083 473 2146 positia
483 2091 532 2132 stat
543 2082 569 2131 in
582 2082 680 2144 agmine
691 2081 789 2133 aarum

133 2176 168 2224 At
178 2189 241 2234 non,
254 2188 302 2236 qua
313 2173 417 2236 Scythias
428 2180 521 2234 pentes,
533 2171 681 2233 Maeotiaque
691 2171 768 2231 unda,

133 2263 257 2312 'Iurbidua
268 2270 293 2312 et
304 2270 421 2325 torqueas
433 2261 543 2310 flaventis
556 2261 641 2310 Hister
651 2275 749 2320 menas,

137 2356 239 2415 Quaque
251 2352 314 2401 redit
326 2351 434 2400 medium
445 2351 563 2414 Rhodope
574 2358 686 2413 porrecta
695 2350 741 2399 sub
751 2362 832 2399 axem.

136 2443 189 2492 Illic
200 2443 285 2492 clausa
295 2449 381 2490 tenent
392 2440 494 2490 nebulis
506 2447 618 2489 armenta
627 2459 635 2501 ;
648 2453 727 2500 neque
736 2439 796 2488 nne

136 2531 187 2582 A'ut
197 2532 282 2582 herbae
294 2545 380 2595 campo
391 2531 518 2594 adparent,
529 2538 573 2579 aut
582 2531 669 2578 abore
680 2527 794 2577 mades:

135 2623 183 2674 Sed
191 2625 256 2685 jacet
266 2622 394 2684 aggeribus
406 2621 482 2671 niveis
494 2620 643 2670 indormierat
653 2620 704 2668 alto

135 2717 214 2764 Terra
224 2715 280 2775 gelu
291 2714 350 2772 late,
364 2720 504 2775 septemque
515 2709 625 2771 adsurgit
635 2708 662 2759 in
671 2710 752 2758 ulnas.

136 2805 238 2866 Semper
248 2802 339 2861 hiems,
351 2815 446 2864 semper
458 2800 578 2864 spirantes
591 2799 684 2861 frigora
695 2797 779 2848 cauri.

134 2893 199 2940 'l'um
212 2891 255 2940 Sol
268 2889 382 2953 pallentis
393 2888 460 2938 haud
472 2903 589 2951 umquam
598 2886 699 2937 dacutit
708 2887 821 2935 umbras:

136 2982 188 3029 Nec
199 2994 276 3042 quum
288 2979 396 3030 invectus
408 2977 475 3040 equis
487 2979 564 3027 altum
575 2977 637 3041 petit
646 2976 755 3035 aethera3
767 2986 813 3022 nec
823 2985 898 3033 quum

137 3069 289 3133 precipitem
301 3069 395 3119 Oceani
406 3071 482 3118 rubro
491 3068 551 3117 lavit
560 3080 659 3128 aquare
669 3078 779 3113 curram.

138 3164 306 3212 Concrescunt
314 3158 401 3208 sabim
411 3157 519 3206 currenti
531 3157 557 3205 in
568 3155 671 3204 tonina
681 3159 781 3211 ouen,
