2334 3734
205 499 251 548 142
422 469 449 549 ι’).
467 502 605 551 vmauu
623 504 777 553 nunonis

202 626 384 689 Quinquaginta
394 626 460 686 intus
471 629 569 678 amulae
580 650 586 678 ι
604 629 692 694 quibua
702 632 789 682 ordine
800 633 875 696 longo

204 718 269 766 Cura
280 730 369 779 penum
381 725 486 778 struere,
498 726 523 768 et
533 719 639 768 nammis
651 719 749 769 adolere
761 723 871 772 Penaoes

204 807 310 870 Genuum
322 806 387 867 aliae,
398 805 547 874 totidemque
557 821 629 872 pares
640 816 711 858 aetate
723 809 841 872 ministri,

203 894 251 951 Qui
262 894 363 959 dapibus
376 910 472 946 mensas
485 905 601 958 onerant,
612 904 637 947 et
648 899 736 961 pocula
745 906 850 962 ponunt.

203 985 254 1032 Nec
265 998 315 1032 non
327 992 352 1032 et
362 984 430 1048 Tyrii
442 1000 485 1049 per
495 986 583 1036 limina
594 987 651 1036 lata
662 988 801 1050 fratem

206 1073 358 1132 Convenere,
369 1074 431 1122 toris
439 1075 502 1134 jussi
514 1075 667 1126 discumbere
677 1075 757 1141 pictis.
856 1133 864 1146 ι

202 1159 325 1210 Mittantur
336 1161 401 1211 dona
410 1162 494 1212 AEneae
506 1183 515 1226 3
532 1163 656 1214 mirantur
666 1166 759 1227 lulum,

202 1251 390 1313 Flagrantesque
401 1252 441 1300 dei
451 1253 543 1314 voltus,
555 1253 718 1316 simulataque
729 1255 813 1316 verba,
877 1302 882 1312 ,

202 1340 353 1403 Fanumque,
364 1350 389 1390 et
399 1342 491 1406 pictum
502 1358 591 1392 croceo
601 1345 711 1394 velamen
722 1345 835 1396 amatha.
923 1369 935 1382 ·

192 1419 325 1494 ¹Praecipue
336 1431 434 1492 infelix,
446 1431 508 1496 pesti
521 1433 609 1482 devota
620 1434 720 1495 tutum,

199 1520 300 1582 Expleri
312 1529 419 1576 mentem
431 1522 525 1585 nequit,
536 1523 688 1585 ardescitque
699 1523 790 1574 tuendo

200 1609 338 1672 Phoenissa‚
351 1619 375 1659 et
386 1612 476 1675 pariter
487 1626 563 1674 puero
575 1611 694 1675 donisque
706 1619 825 1662 niquettu.

201 1699 257 1760 ille,
269 1699 310 1748 ubi
321 1701 442 1763 conplexu
453 1701 538 1750 AEueae
549 1702 663 1763 colloque
675 1702 800 1765 pependit,
853 1737 865 1756 .

199 1781 232 1828 Et
244 1795 359 1843 magnum
370 1782 426 1832 falsi
438 1782 539 1846 inplevit
550 1783 667 1846 genitoris
679 1799 806 1848 amorem

200 1868 317 1931 Reginam
330 1871 398 1934 petit.
433 1873 491 1920 llaec
503 1872 592 1933 oculis,
603 1872 655 1922 haec
666 1881 763 1936 pectore
774 1881 827 1924 toto

201 1960 301 2022 Haeret3
319 1967 344 2008 et
355 1959 477 2008 interdum
488 1959 582 2020 gremio
594 1961 678 2022 souet3
696 1959 773 2010 inscia
783 1961 859 2024 Dido,

201 2047 293 2098 lusidat
304 2045 515 2110 quantus'misesae
527 2049 602 2097 deus!
640 2051 673 2099 At
683 2064 778 2100 memor
791 2050 833 2100 ille
860 2098 863 2106 ,

199 2137 287 2186 Matris
297 2137 423 2198 Acidaliae,
436 2136 564 2201 paullatim
575 2139 674 2187 abolere
683 2139 809 2202 Sychaeum

113 2220 117 2230 '
199 2225 297 2289 incipit,
309 2234 334 2276 et
344 2227 398 2275 vivo
410 2234 489 2276 tentat
498 2237 643 2290 praeuertere
655 2243 739 2278 amore

156 2349 159 2354 -
198 2314 360 2379 iampridem
372 2315 462 2366 resides
475 2317 570 2366 animos
581 2318 729 2379 desuetaque
739 2317 821 2366 corda.

98 2445 102 2456 .
199 2406 330 2466 Postquam
343 2404 422 2469 prima
431 2407 500 2468 quies
511 2406 601 2469 epulis,
612 2420 751 2469 mensasque
761 2413 877 2456 remotae:

199 2495 311 2544 Crateras
323 2510 423 2558 magum
436 2503 554 2557 statuunt,
566 2503 591 2546 et
601 2495 659 2546 uina
668 2505 796 2546 ooronant.

198 2584 237 2634 Fit
249 2584 364 2648 strepitus
375 2585 455 2645 tectis,
467 2599 598 2648 vocemque
610 2599 653 2648 per
665 2587 746 2649 ampla
756 2587 869 2635 volutant

196 2671 285 2736 Atria3
303 2672 440 2737 dependent
450 2673 533 2738 lychni
544 2673 699 2736 laquearibus
711 2673 791 2723 aureis

198 2763 305 2824 lucensi,
317 2772 343 2813 et
352 2771 448 2812 noctem
459 2763 565 2812 flammis
576 2763 670 2812 funalia
680 2762 789 2812 vincunt.

198 2853 244 2902 llic
256 2852 338 2914 regina
349 2867 446 2914 gravem
458 2853 560 2914 gemmis
571 2865 679 2913 auroque
690 2851 801 2915 poposcit

197 2941 346 3006 Inplevitque
358 2956 427 2990 mero
439 2949 563 3004 pateram:
581 2953 654 3002 quam
664 2941 751 3001 Belus,
762 2949 788 2990 et
797 2956 883 2991 omues

197 3032 220 3079 A
230 3031 292 3080 Belo
304 3029 378 3080 soliti.
410 3033 475 3080 'lum
486 3031 549 3080 facta
559 3029 657 3078 silentia
667 3030 737 3080 actis
747 3050 754 3080 ι

197 3119 211 3168 J
215 3118 319 3182 uppiter,
331 3118 467 3182 hospitibus
479 3133 536 3168 nam
547 3125 571 3168 te
582 3117 640 3168 dare
647 3120 706 3181 jura
716 3121 861 3183 loquuntur,
