2334 3734
371 465 569 562 nnonnlcnii
587 482 650 532 nra.
667 484 710 534 iv.
897 487 942 534 nn

138 611 255 660 Pallenen
265 631 274 676 3
291 611 358 662 hunc
368 618 393 662 et
405 611 524 676 Nympha·
535 593 690 673 veneramur,
701 612 789 676 etipse

137 701 288 751 Grandaevns
300 703 413 765 Nereas3
431 701 499 752 nevit
509 715 615 764 nemque
626 703 711 753 omnia
720 712 796 765 raes,

137 793 199 847 Quae
211 792 272 853 sint,
283 793 450 855 queiuerint,
462 807 516 855 que
527 807 586 841 mox
598 793 845 845 ventnetrahantnr.

139 881 236 946 Quippe
247 881 283 931 ita
294 885 409 946 Neptuno
420 882 498 932 visum
511 890 564 932 est:
582 882 691 932 inmania
697 884 767 944 enjus

138 975 259 1024 Armenta
271 982 296 1023 et
305 975 384 1038 turpis
394 975 527 1039 pescitsub
536 975 631 1037 gurgite
641 975 738 1039 phonas.

141 1062 188 1113 Hic
199 1064 256 1126 tibi,
268 1073 335 1125 nate,
346 1065 414 1128 prius
425 1065 511 1115 vinclis
523 1064 668 1128 capiendus,
679 1072 708 1114 nt
717 1079 816 1115 omnem

139 1151 262 1216 Expediet
274 1153 353 1202 morbi
363 1167 472 1214 causam,
484 1165 632 1216 eventusque
642 1153 764 1204 secundet.

142 1245 206 1291 Nam
218 1243 306 1291 sineri
318 1259 369 1293 non
382 1245 433 1294 ulla
443 1245 510 1295 dabit
520 1253 650 1309 precepta,
658 1262 737 1310 neque
748 1247 818 1297 illurn

143 1333 244 1384 Orando
256 1335 338 1384 flectes
349 1355 357 1398 ;
374 1335 424 1384 vim
435 1335 521 1384 duram
533 1344 558 1386 et
567 1337 665 1387 vincula
674 1347 745 1402 capto

142 1426 244 1490 Tende3
263 1426 315 1475 doli
326 1427 418 1476 circum
429 1428 481 1476 hec
491 1427 590 1479 demum
602 1430 745 1492 frangentur
756 1431 850 1480 inanes.

144 1517 199 1579 Ipsa
209 1531 255 1577 ego
267 1523 302 1578 te,
314 1517 407 1566 medios
419 1532 493 1579 quum
504 1518 542 1567 sol
554 1518 695 1568 adcenderit
706 1527 791 1579 restris,

145 1608 227 1662 Quum
239 1607 327 1656 sitiunt
337 1607 429 1668 herbae,
440 1615 464 1656 et
474 1608 556 1670 pecori
565 1610 618 1670 jam
628 1609 720 1670 gratior
730 1609 818 1657 umbra
827 1614 875 1669 est,

145 1695 173 1744 ln
185 1703 278 1744 secreta
288 1695 353 1744 senis
363 1695 463 1756 ducam,
473 1711 522 1758 quo
534 1697 612 1745 fessus
624 1697 737 1746 abundis

145 1787 176 1836 Se
188 1787 274 1850 recipit
287 1807 295 1850 3
313 1787 385 1836 facile
395 1796 423 1835 ut
433 1801 521 1836 somno
529 1787 669 1849 adgrediare
676 1789 806 1849 jacentem.

145 1877 248 1937 Verum,
260 1876 303 1924 ubi
314 1883 458 1938 conreptnm
469 1875 582 1924 manibus
593 1875 726 1938 vinclisque
735 1874 839 1936 tenebit,

145 1967 211 2014 'iiim
222 1965 295 2014 variae
303 1965 403 2014 eludent
412 1966 503 2028 species
514 1973 587 2027 atque
597 1978 642 2014 ora
652 1965 769 2015 ferarum.

147 2055 200 2102 Fiet
210 2053 276 2102 enim
287 2054 367 2102 subito
378 2068 419 2102 sus
431 2054 556 2114 horridus,
569 2060 670 2116 atraque
676 2054 755 2116 tigris,

148 2143 439 2206 squamosusque'drnco,
450 2151 475 2192 et
486 2144 553 2192 fidva
564 2143 656 2192 cerviae
667 2144 761 2205 leaena5

149 2233 200 2281 Aut
209 2217 405 2281 aerem'dammae
417 2231 525 2281 sonitum
537 2231 615 2292 dabit,
628 2239 700 2294 atque
712 2232 747 2281 ita
757 2230 845 2281 vinclis

151 2322 263 2383 Excidet,
275 2322 353 2372 autin
367 2335 440 2384 aquas
452 2330 537 2371 tennes
548 2321 656 2385 dilapsus
666 2321 750 2370 abibit.
811 2330 813 2333 ·

152 2412 209 2472 Sed,
222 2421 313 2474 quanto
325 2412 368 2460 ille
379 2411 455 2472 magis
464 2412 555 2460 formas
567 2425 594 2460 se
604 2419 681 2459 vertet
692 2409 717 2458 in
730 2410 822 2472 omnis,

151 2503 241 2560 ianm,
253 2508 320 2560 nate,
330 2499 408 2560 magis
419 2499 538 2549 contende
548 2498 643 2548 tenacia
651 2497 746 2547 vincias

152 2593 236 2640 Donec
247 2589 303 2638 talis
316 2589 363 2636 erit
373 2595 466 2638 mutato
477 2603 590 2651 corpore,
601 2587 698 2649 qualem

152 2678 258 2738 Videris,
270 2677 367 2741 incepto
379 2685 470 2738 tegeret
477 2691 553 2739 quum
565 2676 660 2726 lumina
671 2690 766 2726 somno.

188 2770 246 2817 Haec
258 2768 302 2830 ait,
313 2776 339 2817 et
349 2767 469 2830 liquidum
481 2767 610 2816 ambrosiae
621 2765 735 2815 diffundit
746 2766 847 2815 odorem
860 2783 866 2812 ε
923 2769 926 2773 ’

156 2858 211 2912 Quo
222 2865 302 2906 totum
313 2857 365 2906 nae
375 2871 463 2920 eorpus
474 2857 603 2920 pereunt:
620 2863 647 2904 at
656 2855 694 2903 nn
754 2838 766 2852 '

156 2947 240 2997 Dulcis
250 2947 385 3011 nonpnsitis
396 2947 495 3010 spiravit
505 2945 613 2995 crinibus
623 2959 694 3005 aura,

153 3040 237 3106 gitque
247 3035 337 3087 habilis
346 3036 462 3086 membris
472 3037 538 3086 venit
547 3036 624 3097 vigor.
657 3035 702 3083 Est
714 3048 799 3097 specus
809 3033 895 3094 ingens

159 3126 233 3176 Exesi
243 3128 319 3176 latere
330 3127 354 3175 in
367 3126 469 3188 montis,
481 3141 529 3189 quo
541 3125 649 3188 plurima
659 3131 731 3172 vente
