2334 3734
202 548 248 596 lss
423 547 450 594 P.
469 545 605 594 vrsolull
622 539 777 592 MARONIS

202 678 236 726 Et
244 677 369 725 volucrum
379 674 485 736 lingum,
497 682 523 723 et
533 672 644 737 praepetis
656 671 739 720 omino
749 685 848 734 pennae,

203 767 264 814 Fare
275 779 318 827 age
333 766 449 829 (namque
458 778 557 812 omnem
569 777 668 812 cursum
681 761 742 810 mihi
753 773 869 825 prospers
878 758 941 808 dixit

204 853 309 916 Religio,
321 863 346 903 et
355 854 437 903 cuncti
448 861 578 902 suaserunt
589 851 690 901 numine
702 851 751 900 divi

205 945 301 993 ltaliam
312 953 404 1007 petere,
416 953 441 994 ot
451 953 529 993 terres
539 951 634 994 tentare
645 950 754 1006 repostas
764 962 772 1004 3

205 1034 264 1082 Sola
275 1047 366 1081 novum
378 1033 492 1095 diemque
502 1034 570 1082 nefas
584 1033 691 1096 Harpyia
702 1033 801 1081 Celaeuo

208 1121 350 1184 Prodigium
358 1122 434 1183 canit,
445 1131 471 1173 et
480 1123 559 1172 tristis
569 1123 698 1172 denuntiat
709 1123 769 1183 iras,
793 1169 796 1175 .

210 1213 396 1276 obscenamque
406 1212 506 1275 famem)
521 1229 575 1276 quoe
586 1213 665 1278 prima
675 1212 783 1276 pericula
792 1211 842 1260 vito
853 1213 862 1259 ἲ

210 1303 305 1358 Quidve
315 1317 418 1366 saneris
428 1311 511 1353 tantos
520 1304 613 1367 possim
625 1316 741 1366 superare
751 1301 866 1350 labores?
932 1319 936 1326 ·

211 1393 258 1442 Hic
270 1394 390 1453 Helenus,
401 1394 470 1442 (tusis
480 1393 588 1458 primum
600 1393 630 1442 de
640 1408 709 1442 more
716 1390 837 1454 juvencis,

211 1484 306 1532 Exorat
315 1497 398 1546 pacem
410 1483 503 1543 divom,
513 1483 634 1545 vittasque
645 1482 745 1532 resolvit

213 1572 305 1622 Sacrati
317 1572 413 1636 capitis,
424 1587 511 1634 meque
519 1572 550 1621 ad
560 1580 604 1620 tua
614 1571 710 1632 iimina,
723 1571 825 1630 Phoebe,

215 1663 270 1724 lpse
281 1676 356 1710 manu
366 1663 447 1719 ,multo
457 1675 602 1724 suspensum
615 1660 716 1709 numine
728 1659 809 1720 ducit3

214 1753 295 1814 Atque
306 1753 357 1800 hnc
368 1751 455 1800 deinde
465 1751 532 1800 canit
543 1750 625 1807 divino
636 1765 667 1799 ex
678 1765 722 1800 ore
733 1750 858 1800 sacerdos:

248 1842 312 1888 Nate
323 1840 383 1902 dca3
400 1854 458 1888 nam
469 1847 494 1888 te
504 1839 639 1900 maioribus
651 1839 687 1888 ire
698 1853 741 1902 per
752 1840 829 1887 altum

217 1929 337 1993 Auspiciis
349 1929 478 1978 manifesto
488 1929 562 1978 fides:
580 1929 616 1977 sic
628 1930 678 1978 fatu
686 1929 759 1977 deum
770 1942 814 1976 rex

221 2019 338 2078 Sortitur,
350 2017 473 2080 volvitque
484 2019 561 2068 vices:
579 2019 601 2067 is
611 2018 713 2067 vertitur
724 2017 801 2080 ord03

221 2111 301 2158 Pauca
312 2109 356 2158 tibi
368 2124 382 2158 e
393 2111 488 2171 multis,
500 2126 549 2173 quo
560 2110 638 2160 tutior
651 2109 749 2174 hospita
759 2111 849 2158 lustres

220 2200 340 2262 AEquora‚
351 2208 377 2249 et
387 2201 498 2250 Ausonio
509 2202 587 2265 possis
599 2201 727 2252 considere
737 2209 821 2265 portu,

222 2289 357 2352 Expeditum
368 2290 439 2339 dictis
448 2311 457 2354 3
474 2291 605 2354 prohibent
615 2305 673 2340 nam
684 2299 764 2367 cptera
772 2293 854 2340 Porcus

223 2379 301 2441 Scire,
314 2382 437 2430 Helenum
448 2382 542 2444 iurique
551 2389 617 2430 vetat
628 2382 742 2431 Saturnia
752 2383 828 2430 Juuo.

223 2470 346 2532 Principio
355 2470 462 2532 ltaliam,
468 2485 542 2533 quam
552 2481 580 2520 tu
589 2472 641 2532 jam
654 2484 708 2519 rere
718 2469 892 2532 propinquam,

221 2560 380 2623 Vicinosque,
391 2561 484 2622 ignare,
497 2576 568 2624 paras
578 2561 692 2610 invadere
703 2568 799 2623 portus,

222 2651 306 2710 longa
316 2651 402 2713 procul
412 2651 493 2710 longis
500 2650 540 2698 via
550 2649 636 2698 dividit
646 2650 712 2698 iuris
721 2650 803 2698 terris.

223 2740 288 2787 Ante
300 2746 326 2786 et
335 2737 462 2787 Muneris
472 2738 602 2787 lentandus
615 2752 697 2786 remus
708 2737 734 2786 in
744 2739 821 2798 undu,

225 2829 258 2876 Et
268 2826 327 2875 salis
337 2827 442 2874 Ausonii
453 2825 608 2874 lustrandum
620 2825 721 2874 navibus
732 2841 825 2888 sequor,

226 2914 367 2984 luternique
378 2923 456 2982 lacus,
468 2922 589 2982 AEoaeque
599 2920 681 2969 insula
693 2919 781 2982 Circae,

225 3013 306 3066 Quem
315 3020 369 3061 tuta
378 3011 457 3074 possis
467 3011 553 3058 urbem
564 3023 704 3071 conponere
715 3017 788 3060 terra.
850 3025 861 3050 o

227 3101 356 3162 Signanti
367 3100 458 3150 dicum:
476 3109 503 3150 tu
514 3100 613 3150 condita
623 3109 705 3150 mente
714 3109 804 3151 teneto.

227 3192 310 3245 Quum
320 3190 365 3239 tibi
375 3190 481 3239 sollicito
492 3190 578 3240 secreti
589 3190 619 3240 ad
630 3190 740 3241 fluminis
751 3191 841 3240 trudam
