2334 3734
179 461 229 542 ‘rsa
404 492 431 539 a.
448 489 587 540 vrnnrnn
605 486 760 537 menonis

182 622 235 670 Nos
246 627 342 681 contra,
354 618 424 668 effirsi
434 618 553 678 lacrimis,
563 619 719 679 coniunxque
727 617 829 674 Crerrsa,

181 708 358 770 Ascaniusque,
370 709 498 771 omnisque
508 707 608 767 domus,
620 720 651 755 ne
661 714 755 755 vertere
767 718 850 753 secum

183 799 276 848 Cuncta
286 805 365 861 pater,
377 798 474 859 fatoque
487 796 601 858 urguenti
610 796 750 845 incumbere
760 795 842 842 vellet

181 889 302 949 Abnegat,
313 886 458 949 inceptoque
468 895 493 935 et
501 886 598 934 sedibus
607 887 685 934 haret
694 885 721 933 in
733 884 821 933 isdem.

183 980 276 1027 sursus
285 975 311 1024 in
322 991 391 1026 arma
401 977 478 1036 ferar,
491 983 644 1038 mortemque
655 975 806 1024 miserrimus
818 979 885 1035 opto.

183 1069 247 1116 Nam
258 1066 324 1129 quod
335 1065 465 1116 consilium
477 1074 519 1114 aut
530 1067 645 1127 quaejam
656 1066 756 1113 foruna
766 1047 887 1112 masan?

183 1159 258 1206 Mene
268 1157 354 1206 efferre
361 1156 458 1220 pedem
469 1155 575 1216 genitor,
586 1164 611 1203 te
623 1169 694 1219 posse
703 1154 790 1202 relicto

184 1245 309 1309 Speranti?
328 1253 471 1307 tantumque
483 1245 551 1293 nefas
562 1244 643 1306 patrio
652 1243 744 1293 excidit
750 1244 817 1292 ure?

90 1325 92 1328 ¹
184 1335 210 1384 Si
222 1332 284 1382 nihil
296 1348 327 1383 ex
338 1341 407 1383 tanta
418 1334 517 1397 Superis
529 1335 610 1396 placet
619 1335 680 1383 urbe
693 1332 810 1394 relinqui,

184 1426 217 1472 Et
227 1424 294 1473 sedet
304 1424 351 1472 hoe
362 1424 455 1484 animo,
471 1425 633 1487 perituraeque
644 1422 733 1472 addere
743 1423 825 1482 Troia

184 1516 267 1574 Teque
278 1521 382 1575 tuosque
390 1515 460 1574 juvat
467 1522 477 1561 ι·
491 1521 558 1576 patet
569 1513 612 1561 isti
619 1514 696 1572 lanua
707 1512 775 1573 leto;
920 1571 925 1580 Ι

185 1604 290 1665 Jamque
302 1603 380 1652 aderit
390 1605 469 1651 multo
482 1601 573 1651 Priami
584 1601 615 1650 de
625 1601 744 1661 sanguine
754 1601 873 1662 Pyrrhus,

188 1694 279 1742 Natum
290 1701 347 1742 ante
359 1707 403 1741 cra
414 1692 501 1756 patris,
513 1699 607 1754 patrem
618 1691 660 1752 qui
670 1693 802 1740 obtruncat
811 1690 843 1739 ad
854 1703 917 1738 aras.

188 1781 242 1829 Hoc
252 1779 315 1840 erat,
326 1782 392 1830 alma
401 1795 500 1844 pareus,
513 1780 579 1841 quod
590 1793 630 1828 me
641 1795 685 1844 per
695 1781 755 1839 teia,
768 1794 812 1842 per
822 1779 885 1840 ignis

186 1867 278 1931 Eripis,
289 1875 318 1916 ut
329 1867 414 1916 mediis
425 1869 520 1917 hostem
533 1867 559 1915 in
572 1867 747 1931 penetralibus,
759 1876 835 1929 utque

186 1956 329 2017 Ascanium,
342 1964 482 2020 patremque
494 1971 587 2017 meum,
595 1959 715 2018 Juxtaque
726 1957 856 2017 creusam,

186 2047 301 2096 Alterum
311 2046 338 2094 in
349 2046 451 2096 alterius
463 2054 582 2095 mactatus
595 2045 722 2107 sanguine,
733 2049 853 2095 cernam?

186 2137 274 2196 Arma,
284 2134 342 2196 viri,
354 2136 416 2184 ferte
428 2150 510 2185 arma:
528 2144 600 2184 cocat
610 2137 655 2184 lux
666 2135 851 2184 ultima'victcs.

187 2224 289 2282 Reddite
300 2226 460 2289 me'Danais3
479 2227 552 2276 sinite
564 2227 700 2277 instaurata
712 2227 817 2276 revisam

187 2314 286 2364 Proelia.
320 2317 461 2377 Numquam
472 2331 559 2366 omnes
571 2316 645 2365 hodie
655 2316 790 2365 mariemm
800 2314 883 2365 inulti.

221 2403 286 2452 Hine
297 2406 363 2454 ferro
374 2404 490 2467 adcingcr
502 2421 600 2466 rursus,
612 2406 739 2469 clipeoque
752 2406 877 2456 sinistram

188 2493 340 2542 lusci-tabam
350 2501 446 2557 aptans,
459 2509 547 2556 meque
558 2503 629 2544 exau
638 2504 702 2545 tecta
712 2496 829 2545 ferebam.

189 2582 252 2630 Eece
263 2589 344 2631 autem
355 2584 475 2644 conplexa
485 2584 557 2646 pedes
570 2585 597 2632 in
608 2584 693 2633 limine
703 2587 814 2644 coniunx

187 2670 310 2729 Haerebat,
321 2683 469 2733 parvumque
480 2673 543 2735 patri
554 2673 669 2723 tendebat
680 2672 774 2720 Iulum:

188 2756 214 2805 Si
225 2757 347 2820 periturus
359 2758 422 2819 abis,
429 2766 454 2808 et
466 2775 511 2809 nos
522 2775 580 2824 rape
591 2761 617 2809 in
629 2760 713 2809 omnia
723 2767 803 2810 oecum
813 2781 823 2823 ;

189 2846 233 2894 Sin
244 2846 350 2908 aliquam
362 2856 475 2911 expertus
487 2849 574 2898 sumtis
585 2863 653 2912 spem
665 2847 735 2910 ponis
746 2848 772 2896 in
783 2852 869 2912 muris,

188 2936 258 2984 Hanc
269 2936 374 2998 primum
385 2945 465 2987 tutare
475 2939 584 2988 domum.
619 2939 665 2988 cni
676 2955 764 3003 paraus
775 2944 854 3003 Iulus,

111 3045 114 3052 ,
190 3023 236 3071 Cui
248 3031 362 3086 pater,.et
372 3028 481 3086 conjunx
492 3026 616 3089 quondam
627 3036 670 3077 tua
680 3029 745 3080 dicta
755 3032 901 3094 relinquor?

219 3113 291 3162 Talia
300 3115 437 3165 vociferans
445 3116 537 3176 gemitu
545 3125 637 3166 tectum
648 3133 723 3169 omne
734 3121 856 3184 rapiebat:
