2334 3734
423 544 581 598 AEuuluos
599 549 661 598 LIB.
679 549 699 596 1.
913 553 958 600 123

159 671 326 734 Conspexere,
337 673 421 734 silent,
431 673 582 738 adrectisque
594 676 693 725 auribus
704 678 818 739 adsunt,

159 761 210 808 Iste
221 760 283 822 regit
293 761 364 811 dictio
374 762 479 824 animos,
492 772 518 813 et
527 773 626 827 pectora
636 767 741 814 mulcet:

159 847 202 896 Sic
213 860 313 899 omaus
324 851 402 913 pelugi
411 852 498 902 cecidit
508 854 601 915 fragor,
613 870 712 917 aequora
721 864 850 926 postquam

160 938 313 1001 Prospiciens
324 940 430 1001 genitor,
439 944 549 1004 coloque
561 944 670 994 invectus
680 954 775 1009 aperto,

160 1027 248 1076 Flectit
255 1042 341 1089 equos,
353 1044 473 1092 curruque
484 1033 569 1080 voians
580 1033 623 1081 dat
634 1034 688 1082 lora
699 1035 812 1083 secundo.

192 1115 287 1164 Defessi
298 1118 424 1178 AEneedae,
436 1134 489 1180 quae
498 1121 622 1182 proxima,
630 1122 705 1171 litora
714 1137 788 1172 cursu

160 1205 319 1254 contendunt
329 1214 421 1269 petere,
433 1215 458 1256 et
469 1209 549 1272 Libyae
560 1217 691 1259 vertuntur
701 1211 732 1259 ad
740 1226 806 1260 oras.

159 1294 205 1342 Est
216 1293 242 1342 in
253 1309 348 1344 secessu
359 1297 433 1358 longo
444 1298 512 1346 iocus
523 1317 529 1346 ι
547 1299 632 1346 lustris
642 1305 741 1360 portum

160 1383 241 1432 Efficit
249 1385 346 1445 obJectu
356 1386 472 1447 laterum,
485 1386 572 1448 quibus
583 1386 664 1434 omnis
676 1389 706 1435 ab
717 1389 768 1437 aito

160 1472 291 1534 Frangitur
301 1473 374 1536 inque
386 1475 454 1523 sinus
466 1474 555 1522 scindit
566 1488 620 1522 sese
627 1475 695 1523 undu
705 1475 825 1524 reductos.

163 1562 228 1611 Hinc
239 1565 312 1625 atque
319 1563 377 1612 hinc
385 1572 459 1613 vastae
471 1578 542 1627 rupes
551 1563 689 1625 geminique
696 1564 822 1614 minantur

161 1651 190 1698 ln
202 1651 292 1700 coelum
301 1651 404 1714 scopuli,
413 1667 518 1715 quorum
530 1654 575 1701 sub
586 1652 676 1701 vertice
686 1653 736 1702 iate
771 1720 773 1723 ι

155 1741 266 1802 AEqnora
276 1748 330 1790 tuta
340 1741 414 1790 silent
424 1761 432 1805 ;
448 1750 503 1790 tum
515 1742 582 1790 silvis
591 1756 664 1791 scena
674 1743 782 1791 coruscis

163 1829 283 1891 Desuper,
296 1829 455 1891 horrentique
466 1837 547 1878 atrum
558 1844 645 1878 nemus
656 1830 761 1880 inminet
770 1832 865 1879 umbra.

163 1917 253 1966 Fronte
262 1919 307 1966 sub
316 1918 417 1967 adversa
428 1919 533 1982 scopulis
544 1919 706 1982 pendentibus
716 1929 815 1969 anuum
825 1941 833 1982 ;
845 1926 846 1929 ’

163 2005 231 2052 Intus
243 2019 311 2067 aquen
322 2006 410 2067 dulcis,
420 2007 527 2068 vivoque
536 2008 622 2056 sedilia
631 2023 691 2058 saxo
702 2028 707 2058 ε

166 2094 442 2156 Nympharumdomus.
478 2096 524 2144 Hic
536 2096 611 2147 fessos
622 2113 672 2146 non
686 2098 859 2147 vinculanovis
891 2088 895 2095 ’

155 2182 227 2253 Δ11113
238 2190 339 2232 tenent:
356 2197 421 2232 unco
433 2198 484 2232 non
496 2185 586 2246 adligat
596 2199 686 2233 ancora
696 2200 788 2234 morsu.

169 2271 222 2318 Huc
235 2279 327 2333 septem
335 2273 424 2320 AEneae
436 2273 553 2321 conlectis
564 2263 666 2321 naonis
677 2274 746 2322 omni

167 2359 205 2406 Ex
217 2373 320 2408 numero
329 2360 412 2422 subit3
430 2375 468 2420 ac,
481 2375 568 2421 magno
580 2360 677 2408 telluris
688 2373 772 2408 umore

166 2447 274 2508 Egressi,
287 2455 369 2510 optata
379 2449 507 2511 potiuntur
517 2451 691 2507 Troes'urena,

167 2535 200 2585 Et
211 2537 262 2584 sue
270 2538 373 2586 tabentis
381 2547 449 2586 artus
458 2539 484 2586 in
495 2538 568 2586 litore
576 2545 680 2600 ponunt

169 2631 203 2676 Ac
211 2629 319 2691 primum
329 2629 393 2678 silici
402 2629 531 2677 scintillam
541 2627 641 2676 excudit
649 2627 764 2686 Achates,

167 2717 326 2780 Suscepitque
337 2717 417 2777 ignem
429 2715 506 2776 foliis,
514 2724 587 2778 atque
597 2716 666 2765 aride
677 2716 770 2764 circum

167 2806 325 2855 Nutrimenta
336 2805 412 2865 dedit,
424 2806 550 2868 rapuitque
561 2805 683 2854 insumite
694 2790 827 2854 tammum.

166 2895 232 2946 Tum
244 2896 515 2957 Cereremtconruptam
524 2893 602 2942 undis·
609 2893 766 2954 Cerealiaque
774 2907 843 2941 arma

167 2975 308 3048 Expediunt
319 2983 377 3032 fessi
388 2997 470 3032 rerum
481 3003 489 3044 3
507 2983 637 3044 frugesque
648 2989 756 3043 rweptus

168 3073 201 3120 Et
211 3079 306 3120 torrere
314 3078 402 3135 perant
412 3064 553 3119 tiummiset
564 3071 676 3130 frangere
687 3081 756 3117 suno.

201 3161 292 3210 AEneas
303 3159 535 3223 scoptdumintereo
546 3141 697 3218 conscendit,
708 3166 733 3207 et
744 3170 843 3204 omnem
