2334 3734
212 522 258 573 178
432 526 459 575 P.
476 525 614 575 VIRGILH
632 523 786 573 MARONiS

212 647 411 702 Deducuntsocii
422 654 500 715 navis,
512 661 537 704 et
547 654 622 704 litora
630 655 754 718 conplent.

213 744 374 794 Provehimur
385 753 457 808 portu
467 765 475 808 3
493 755 613 807 terrasque
622 745 742 806 urbesque
752 743 878 794 recedunt.

214 838 287 886 Sacra
298 835 361 884 mari
371 833 460 884 colitur
471 833 552 883 medio
564 833 702 896 gradssima
711 833 785 883 tellus

214 923 347 973 Nereidum
359 924 432 973 matri
443 930 468 972 et
479 925 594 987 Neptuno
604 924 701 985 AEgaeo:
809 919 812 924 ’

213 1014 293 1066 Quam
304 1013 358 1076 plus
370 1012 525 1073 Arcitenens,
537 1026 594 1061 oras
604 1020 629 1061 et
639 1013 713 1062 litora
723 1011 815 1061 circum

213 1104 355 1162 Errantem,
366 1103 447 1166 Gyaro
458 1103 524 1151 celsa
537 1104 690 1165 Myconoque
702 1101 819 1161 revinxit,

214 1194 384 1255 lnmotamque
395 1193 444 1242 coli
455 1192 532 1253 dedit,
544 1202 569 1242 et
579 1200 736 1242 contemnere
746 1199 839 1240 ventos.

138 1307 142 1312 ·
214 1283 269 1331 Huc
280 1283 346 1332 feror
357 1303 365 1346 3
382 1283 434 1332 haec
445 1283 522 1332 fessos
534 1289 588 1332 tuto
599 1281 762 1344 placidissime
772 1288 845 1345 portu

213 1371 318 1434 Adclpit.
351 1372 449 1434 Egressi
459 1387 605 1422 veneramur
616 1372 738 1435 Apollinis
749 1373 843 1420 urbem.

213 1463 267 1512 Rex
277 1461 367 1524 Anius,
380 1477 424 1512 rex
435 1462 500 1511 idem
510 1462 640 1513 bominum
650 1461 784 1524 Phoebique
794 1458 918 1520 sacerdos,

213 1551 286 1602 Vrttis
298 1561 323 1603 et
333 1567 401 1602 sacra
411 1552 538 1602 redimitus
550 1561 661 1616 tempora
671 1554 752 1613 lauro,

215 1643 346 1707 Occurrit3
363 1653 469 1694 veterem
480 1644 606 1692 Anchisen
618 1642 743 1705 adgnoscit
753 1642 868 1691 amicum.

212 1733 344 1794 iungimus
354 1732 461 1796 bospitio
472 1733 581 1794 dextras,
594 1739 619 1781 et
629 1741 693 1782 tecta
703 1732 821 1781 subimus.

213 1824 317 1885 Templa
327 1821 366 1872 dci
377 1837 437 1872 saxo
448 1825 581 1873 venerabar
592 1831 684 1873 structa
694 1830 797 1872 vetreto.

215 1913 253 1960 Da
263 1911 398 1975 propriam,
409 1913 565 1975 Thymbraee,
577 1913 694 1961 domum!
713 1911 744 1960 da
753 1911 847 1961 moeuia
856 1911 938 1971 fessis,

214 2001 247 2048 llt
258 2014 343 2062 genus,
355 2009 380 2049 et
390 2015 531 2050 mansuram
543 2003 644 2051 urbem!
669 2003 745 2051 Serva
755 2002 833 2050 altera
843 2003 925 2063 Trojae

215 2092 342 2153 Pergama,
353 2091 469 2154 reliquias
481 2093 593 2141 Danaum
605 2100 678 2155 atque
689 2090 782 2141 inmitis
796 2091 901 2142 Achilli!

215 2181 295 2233 Quem
307 2179 449 2242 sequimur?
468 2196 545 2244 quove
556 2181 593 2231 ire
601 2184 691 2244 jubes?
710 2182 753 2231 ubi
764 2196 854 2245 ponere
866 2182 954 2231 sedes?

213 2269 262 2330 Da,
274 2277 353 2332 pater,
366 2269 510 2334 augurium3
527 2280 600 2334 atque
610 2272 700 2321 animis
711 2272 820 2322 inlabere
830 2271 929 2322 nostris.

247 2359 296 2408 Vix
307 2374 336 2409 ca
347 2361 411 2410 fatus
423 2376 488 2411 eram
499 2383 504 2411 ι
523 2371 628 2412 tremere
639 2363 723 2413 omnia
733 2363 785 2412 visa
794 2370 905 2426 repente,

215 2450 369 2514 liminaque,
380 2447 512 2516 laurumque
522 2453 561 2503 dei
572 2474 579 2515 3
597 2462 711 2517 totusque
722 2453 814 2507 moveri

215 2540 290 2588 Mons
300 2539 404 2602 circum,
415 2549 441 2592 ct
451 2543 544 2604 mugire
556 2542 633 2605 adytis
643 2542 738 2592 cortina
748 2540 857 2596 reclusis.

215 2630 335 2680 Submissi
346 2631 451 2694 petimus
462 2640 564 2693 terram,
576 2640 602 2680 et
611 2647 661 2681 vox
673 2635 750 2681 fertur
761 2633 792 2682 ad
803 2634 884 2683 auris:

215 2719 361 2769 Dardanidae
371 2720 437 2781 duri,
448 2736 501 2783 que
511 2735 554 2770 vos
563 2735 578 2769 a
586 2721 661 2784 stirpe
671 2729 800 2785 pareutum

216 2807 299 2859 Prima
309 2810 367 2858 tulit
377 2811 462 2870 tellus,
473 2811 557 2859 eadem
568 2825 612 2859 vos
623 2811 697 2860 ubere
710 2813 767 2862 leto

214 2897 326 2962 Adcipiet
336 2899 446 2950 reduces.
479 2901 612 2963 Antiquam
623 2902 745 2964 exquirite
755 2911 867 2954 matrem.

214 2987 261 3038 Hic
273 2988 360 3038 domus
370 2991 455 3040 AEnee
464 2989 558 3040 cunctis
568 2991 734 3042 dominabitur
745 2993 806 3054 oris,

215 3079 248 3129 Et
258 3079 308 3128 nati
320 3079 445 3144 natorum,
456 3090 481 3132 et
492 3082 534 3145 qui
545 3091 675 3132 nascentur
687 3084 786 3134 abillis.

217 3169 274 3219 Hsc
287 3169 392 3220 Phoebus
402 3190 408 3220 t
426 3171 551 3236 mixtoque
562 3173 649 3235 ingens
659 3182 746 3224 exorte
755 3175 862 3224 trrmtdtu
