2334 3734
409 515 567 567 AENEIDOS
584 519 647 580 LIB.
664 521 731 569 VIII.
926 529 971 576 ³41

174 638 290 687 Nasceuti
300 641 339 690 cui
350 642 395 690 tris
405 643 499 693 animus
509 626 614 694 Ferduia
623 655 701 696 mater·

179 727 348 790 (Horrendum
360 730 436 793 diem)
451 733 559 805 dederet,
571 743 642 784 terna
651 750 720 786 arma
731 739 865 802 movenda3

173 818 222 865 'l'er
233 818 283 867 leto
295 821 439 869 sternendus
450 831 514 871 erut:
532 824 571 872 uui
582 833 642 874 tune
654 833 735 876 tumen
748 829 828 878 omuis

174 905 282 954 Abstulit
291 908 344 956 haee
354 909 448 959 anirum
458 911 554 972 dextra,
564 922 590 962 et
600 913 701 964 totidem
714 917 783 967 exuit
793 919 876 968 armis.

174 994 232 1042 Nou
241 1009 286 1056 ego
296 1012 362 1046 nuuc
372 999 439 1047 dulci
449 1002 564 1063 amplexu
574 1002 702 1053 divellerer
714 1020 827 1068 usquam,

175 1083 249 1142 Nate,
260 1091 320 1146 tu03
339 1101 419 1150 neque
427 1088 546 1138 finitimus
558 1092 693 1142 Mezentius
706 1109 818 1157 usquam,

176 1170 240 1219 Huic
250 1173 322 1235 cupiti
333 1173 463 1236 insultans,
472 1185 510 1227 tot
520 1179 587 1227 ferro
597 1195 660 1230 saeva
669 1181 776 1232 dedisset

176 1265 281 1329 Funera,
292 1278 344 1320 tam
357 1273 441 1323 multis
451 1275 574 1324 viduasset
583 1276 676 1326 civibus
688 1278 781 1326 urbem.

175 1357 273 1420 Atros,
284 1375 300 1408 o
309 1364 402 1425 superi,
413 1372 438 1412 et
447 1365 529 1414 divom
539 1374 566 1414 tu
577 1366 684 1415 maxime
695 1375 775 1417 rector

176 1447 299 1509 luppiter,
311 1451 420 1512 Arcadii,
431 1468 524 1515 quaeso,
535 1455 682 1504 miserescite
693 1457 765 1517 regis,

175 1535 209 1584 Et
219 1537 309 1599 patrias
320 1541 401 1590 audite
411 1557 507 1606 preces:
526 1544 553 1592 Si
564 1545 666 1594 numina
676 1553 755 1594 vestra

176 1626 327 1677 luculumem
340 1630 451 1680 Pallanta
461 1633 533 1693 mihi,
545 1634 566 1681 si
577 1635 628 1682 fatu
638 1641 772 1695 reservant,

177 1714 203 1764 Si
213 1715 310 1766 visurus
320 1733 376 1768 eum
388 1721 453 1782 rivo,
463 1730 490 1770 et
499 1730 615 1771 venturus
626 1722 651 1770 iu
663 1737 740 1771 tinum
751 1743 756 1772 z

177 1803 258 1854 Vitum
270 1821 333 1869 0r03
350 1809 429 1871 patiar
439 1811 548 1872 quemvis
559 1812 647 1860 durare
658 1811 776 1862 laborem.

179 1891 223 1940 Sin
234 1893 339 1956 aliquem
350 1896 478 1947 infandum
489 1905 582 1959 cusum,
595 1901 713 1961 Fortuna,
726 1899 841 1950 minaris:

179 1980 262 2041 Nunc,
273 1998 289 2029 ο
300 1997 366 2034 nune
376 1985 448 2036 liceat
459 1988 582 2037 crudelem
593 1990 737 2053 abrumpere
747 1988 831 2049 vitam,

178 2069 244 2117 Dum
252 2085 317 2120 eune
327 2074 457 2135 ambiguus,
467 2075 527 2124 dum
538 2091 592 2138 spes
604 2077 696 2126 ineerta
706 2078 794 2138 futuri,

178 2160 243 2209 Dum
254 2169 289 2221 te,
301 2176 357 2212 cure
368 2178 438 2226 puer,
449 2178 504 2212 meu
514 2173 604 2213 seruet
614 2167 667 2212 sola
679 2167 812 2228 voluptas„

180 2248 308 2312 Conplexu
319 2259 408 2314 teneo3
425 2251 563 2312 graviorne
575 2253 676 2302 nuntius
688 2252 754 2300 auris

178 2338 302 2388 volueret.
337 2341 396 2387 Haee
407 2339 502 2400 genitor
511 2339 622 2400 digressu
633 2339 698 2388 dicta
708 2353 821 2402 supremo
850 2394 860 2414 ν

179 2427 318 2478 Fundebut:
336 2429 422 2477 famuli
432 2430 574 2478 eonlabsum
586 2428 612 2476 in
624 2435 689 2506 tectu
698 2429 817 2479 ferebant.

211 2520 316 2581 Jamque
327 2519 388 2568 adeo
399 2518 492 2568 exierat
501 2518 578 2582 portis
589 2519 711 2580 equitatus
724 2517 827 2582 apertius

179 2607 271 2656 AEueus
280 2607 345 2656 iuter
354 2608 447 2671 primos
458 2615 484 2656 et
494 2608 556 2657 fidus
562 2609 689 2667 Achaten

181 2693 240 2743 lude
251 2694 295 2742 ulii
304 2697 386 2756 Trojoe
397 2710 509 2759 procerus
515 2716 526 2765 5
543 2696 595 2759 ipse
605 2695 701 2757 agmine
712 2695 793 2746 Pullus

181 2788 211 2835 lu
222 2785 313 2846 medio,
323 2788 449 2851 chlamyde
459 2796 485 2836 et
493 2787 563 2851 pictis
574 2795 717 2850 conspectus
729 2787 755 2835 in
767 2785 855 2835 armis:

181 2873 278 2935 Qualis,
287 2875 329 2923 ubi
341 2876 432 2924 Ooeuui
443 2877 554 2938 perfusus
567 2875 750 2934 tuderanus,
853 2923 857 2934 ,

181 2962 261 3016 Quem
271 2965 355 3012 Venus
365 2973 422 3013 ante
432 2964 494 3013 alios
503 2973 625 3013 astrorum
636 2961 715 3022 diligit
725 2953 813 3022 ignis,'

181 3051 279 3100 Extulit
290 3066 318 3101 os
329 3048 511 3113 sucrum'eoelu‚
519 3055 679 3114 tenebrasque
690 3048 796 3099 resolvit.
894 3055 900 3068 ·

182 3139 254 3188 snut
264 3140 355 3203 puridae
366 3140 392 3190 in
403 3141 480 3189 muris
492 3148 581 3190 matres
584 3175 592 3200 ,
604 3139 728 3200 oculisque
738 3142 872 3200 sequuntur
