2334 3734
191 567 237 616 198
417 567 445 615 Ρ.
460 565 598 616 VlliGlbll
616 566 771 618 MARONlS

191 694 284 746 Omnia
293 696 460 757 conlustrans,
472 697 536 746 hanc
546 696 654 760 primum
666 697 696 745 ad
706 695 781 746 litora
792 697 895 749 classem

189 789 313 852 Conspexi
324 790 470 840 venientem.
504 790 568 840 Huic
581 805 630 850 me,
642 803 800 853 quaecumque
812 790 908 852 luisset,

188 878 293 928 Addixi:
311 878 370 928 satis
378 885 415 928 est
425 887 523 940 gentem
533 880 646 942 effugisse
657 879 796 930 nefandam.

162 985 170 1002 ·
187 969 238 1018 Vos
250 968 357 1018 animam
368 969 432 1018 hanc
442 969 525 1032 potius
535 983 689 1032 quocumque
702 971 821 1019 absumite
831 969 890 1018 leto.

220 1060 269 1109 Vix
280 1075 310 1110 ea
317 1061 382 1110 fame
393 1068 460 1120 erat:
478 1076 576 1111 summo
587 1077 664 1125 quum
676 1071 759 1112 moute
771 1062 879 1112 ridemus

188 1153 272 1214 lpsum
283 1150 348 1200 inter
358 1150 462 1214 pecudes
473 1160 541 1202 rasta
551 1167 578 1201 se
589 1153 655 1202 mole
667 1160 805 1202 moventem

187 1241 314 1290 Pastorem
326 1239 512 1304 Polyphemum,
524 1249 550 1289 et
559 1241 634 1291 litora
644 1250 703 1291 nota
713 1249 851 1306 petentem:

187 1331 329 1378 Monstrum
336 1329 494 1386 horrendum,
499 1329 714 1394 informeingens,
721 1332 760 1382 cni
767 1333 851 1382 lumen
858 1331 990 1383 ademtum.

185 1410 286 1467 'linum
296 1433 371 1472 maun
380 1418 453 1482 pinus
464 1419 536 1480 regit,
547 1428 573 1468 et
584 1421 684 1484 vestigia
695 1422 785 1472 firmat.

186 1507 311 1570 Lanigerre
321 1508 470 1558 comitanter
479 1522 551 1558 oves:
569 1524 599 1560 es
610 1511 664 1560 sola
672 1512 794 1574 voluptas,

187 1579 430 1662 Solamenqnemali.
860 1651 862 1656 .

97 1697 101 1707 ¹
186 1689 318 1751 Postquam
329 1690 392 1739 altos
403 1690 483 1752 tetigit
494 1691 598 1753 ductus,
606 1699 631 1741 et
642 1693 673 1742 ad
684 1707 782 1756 aequora
791 1692 867 1754 venit,

185 1778 297 1828 Luminis
309 1779 392 1829 effossi
402 1779 505 1829 fluidum
517 1781 577 1830 lavit
587 1781 645 1830 inde
655 1796 778 1843 cruorem,

185 1869 305 1933 Dentibus
317 1869 458 1919 infrendens
470 1871 561 1933 gemitu
572 1891 580 1934 ;
598 1871 754 1935 graditurque
765 1888 807 1937 per
819 1875 902 1936 aequol·

183 1947 242 2009 darn
253 1959 378 2021 medium
397 1960 501 2010 necdum
511 1961 600 2011 fluctus
611 1963 688 2010 latera
703 1963 780 2012 ardua
790 1963 873 2013 tinxit.

185 2048 238 2095 Nos
249 2049 334 2110 procul
348 2047 405 2098 inde
416 2049 498 2111 frigam
508 2049 598 2113 trepidi
609 2051 718 2100 celerare
723 2054 736 2114 ‘3
755 2059 851 2116 recepto

185 2136 310 2200 Supplice,
321 2138 356 2187 sic
368 2137 457 2188 merito
467 2155 476 2202 ς
493 2139 609 2202 tacitique
622 2139 729 2190 incidere
739 2141 842 2204 iirnem3

185 2226 313 2276 verrimus
324 2236 349 2277 et
359 2229 432 2292 proni
443 2230 593 2280 certantibus
604 2246 704 2294 aequora
713 2231 798 2281 remis.

185 2316 278 2378 Sensit,
290 2325 315 2367 et
326 2317 357 2367 sd
368 2318 477 2368 sonitum
487 2319 553 2370 vocis
564 2320 665 2382 vestigia
676 2321 756 2370 torsit.

182 2407 274 2456 Veruni
282 2407 325 2456 ubi
336 2409 406 2456 nulla
416 2408 488 2457 datu
499 2409 587 2458 dextra
598 2409 719 2460 adfectare
730 2417 846 2475 potestas,

182 2497 236 2546 Nec
247 2497 310 2560 potis
323 2497 406 2548 Ionios
416 2499 505 2550 flocus
516 2516 614 2572 pequare
626 2502 759 2564 sequendo,

184 2586 323 2635 clamorem
332 2586 473 2652 inmensum
484 2589 563 2638 tellit:
582 2605 631 2653 quo
643 2598 744 2653 pontus,
756 2599 782 2640 et
791 2605 877 2642 omnes

182 2675 333 2723 Intremuere
341 2675 423 2734 undae,
434 2676 579 2738 penitusque
589 2678 706 2727 exterrita
717 2681 790 2730 tellus

184 2764 271 2826 halim,
282 2763 411 2827 curvisque
422 2766 538 2827 inmugiit
547 2768 623 2816 AEtna
635 2769 754 2818 cavernis.
764 2763 766 2770 ’

180 2856 215 2904 At
224 2843 302 2917 penus
313 2870 327 2905 e
339 2855 406 2905 siluis
419 2856 552 2920 Cyclopum
563 2865 590 2906 et
601 2857 725 2908 montibus
736 2860 792 2909 altis

183 2950 296 3001 Excitom
308 2951 359 3002 ruit
369 2952 400 3002 ad
412 2959 506 3016 portus,
518 2959 544 3002 et
553 2952 627 3003 litora
638 2955 761 3017 conplent.

182 3039 312 3090 Cernimus
324 3041 441 3091 adstantis
452 3041 617 3104 nequidquam
625 3038 723 3092 lumine
734 3051 804 3094 torro

180 3130 290 3180 AEtuseos
301 3117 400 3192 fratrefi,
412 3133 476 3180 ooelo
487 3132 566 3196 oepita
576 3134 627 3182 alto
638 3134 749 3195 ferentis,

182 3218 320 3271 Concilium
331 3219 497 3290 horrendum:
514 3222 599 3283 quales
610 3237 667 3272 cnm
677 3223 766 3274 vertice
776 3224 842 3273 celso
