2334 3734
377 544 574 601 Guouolcou
591 546 703 596 ulu.11.

135 668 249 732 Cornus3
268 671 372 721 Ituraeos
383 673 434 721 taxi
444 681 587 735 torquentur
597 673 622 721 iu
633 687 712 727 muns.

137 757 190 823 Nec
201 759 263 808 tiliae
275 760 341 808 leves
351 770 393 811 aut
404 769 476 810 torno
486 763 559 811 rasile
570 763 663 810 buxum

136 847 195 896 Nou
205 849 312 896 formam
323 849 455 912 adcipiunt,
467 851 579 912 ferroque
590 858 705 900 cavantur
715 860 795 902 acuto.

136 935 190 983 Ncc
200 950 249 985 non
263 945 289 985 et
299 945 433 987 torrentem
444 939 534 996 undum
544 940 605 988 levis
615 923 798 1000 incautelam,

136 1023 213 1073 Missa
224 1025 292 1073 Pado
301 1044 309 1087 3
327 1039 371 1074 uec
382 1040 432 1086 uon¹
443 1034 468 1075 et
478 1041 534 1089 apes
545 1027 659 1076 momina
668 1027 776 1078 condunt

137 1111 323 1175 Corticibusque
334 1114 397 1170 cavis
409 1115 549 1177 vitiosaeque
563 1116 625 1166 ilicis
634 1117 712 1166 alveo.

139 1201 203 1254 Quid
214 1201 402 1254 memorandum
412 1216 479 1263 reque
491 1204 608 1252 Baccheia
616 1203 682 1253 dona
690 1205 816 1256 tulerunt?

136 1291 246 1339 Bacchus
257 1299 283 1339 et
294 1291 325 1338 ad
336 1293 432 1352 culpam
442 1306 538 1348 mussas
551 1292 634 1340 dedit:
651 1293 693 1340 ille
705 1293 807 1342 furentis

140 1377 274 1426 centauros
286 1380 336 1440 leto
346 1378 450 1437 domuit,
464 1379 625 1442 llhoenrmque
636 1380 788 1442 Pholumque

138 1466 170 1514 Et
179 1482 267 1528 magno
278 1468 391 1530 Hylaeum
403 1467 511 1529 Lapithis
520 1476 613 1516 cratere
624 1468 765 1518 minantem.

171 1556 193 1604 0
204 1555 342 1604 fortunatos
354 1555 467 1614 nimium,
480 1555 556 1604 suasi
566 1557 631 1604 bona
641 1556 734 1616 norint,

139 1645 261 1705 Agricolas
271 1647 278 1692 l
297 1645 383 1706 quibus
394 1645 456 1707 ipsa,
466 1646 552 1707 procul
561 1644 712 1694 discordibus
721 1645 806 1705 ermis,

141 1730 228 1780 Fundit
237 1732 316 1780 humo
327 1732 424 1780 facilem
435 1731 526 1780 ricmm
533 1732 669 1792 iustissima
678 1734 758 1782 telius.
794 1765 800 1774 ·

140 1819 223 1870 Sinon
234 1820 357 1881 ingentem
368 1820 461 1869 foribus
472 1820 559 1869 domus
571 1821 622 1870 alta
630 1821 740 1884 superbis

142 1909 211 1956 Mane
222 1909 371 1958 salutantum
383 1909 440 1957 totis
450 1909 527 1957 vomit
536 1908 628 1957 aedibus
637 1908 744 1971 undam3

141 1997 190 2045 Nec
201 1996 283 2052 varice
294 1997 389 2046 inhiant
398 1998 481 2060 pulcra
490 1997 611 2046 unumne
621 2005 712 2060 poetes,

142 2084 284 2146 inlusasque
295 2099 354 2133 auro
365 2085 449 2146 reads,
461 2085 628 2148 Ephyreiaque
638 2099 703 2147 ως

140 2174 202 2222 Alba
211 2187 292 2235 neque
302 2174 402 2236 Assyrio
412 2176 507 2223 fucatur
519 2175 688 2234 lauareneno,

142 2263 192 2310 Nec
202 2262 268 2310 meis
278 2260 364 2324 liquidi
374 2262 540 2325 conrumpitur
552 2275 611 2310 usus
622 2261 692 2311 olivi:

142 2352 175 2398 At
185 2364 271 2399 secura
282 2351 359 2412 quies,
371 2360 395 2403 et
405 2352 486 2400 nmmo
496 2352 581 2400 fallere
592 2350 659 2409 vitm.

145 2436 217 2486 Dives
227 2453 303 2501 opum
314 2438 452 2501 varimum3
469 2448 494 2489 at
503 2439 559 2488 lotis
569 2439 622 2493 otia¹
630 2437 734 2496 fundic.

145 2527 281 2589 Spelunca,
292 2526 386 2588 virique
397 2528 463 2576 lucus
474 2547 482 2588 ;
500 2535 525 2576 at
536 2527 624 2588 frigida
634 2527 737 2587 Tempe,

145 2615 301 2677 Muginrsque
311 2617 397 2677 boum,
410 2618 544 2677 mollesque
554 2617 600 2664 snb
610 2615 697 2665 arbore
707 2612 788 2662 nomm

145 2705 201 2752 Nou
212 2705 317 2765 absunt;
334 2705 384 2753 illic
395 2706 471 2753 saltam
482 2718 510 2752 ac
521 2705 598 2752 lustra
609 2704 726 2761 ternum,

145 2793 177 2839 iit
186 2791 280 2854 patiens
290 2807 403 2856 operum,
414 2793 548 2854 exiguoque
559 2793 667 2850 manem,
675 2794 806 2852 juventua3

146 2881 219 2929 Sacra
228 2880 312 2940 deum,
324 2881 446 2943 snncdquc
456 2888 536 2943 potres
544 2899 552 2941 3
569 2888 680 2928 extrem
690 2893 733 2942 per
742 2878 799 2928 illos

145 2969 160 3017 J
163 2968 246 3017 ustitia
255 2968 375 3018 excedens
386 2969 457 3018 terris
469 2968 567 3028 vcsdgia
578 2966 644 3015 iecit.

181 3057 223 3103 Me
233 3070 292 3104 vcro
301 3056 408 3118 primum
419 3057 502 3106 dulces.
512 3063 568 3104 ante
579 3054 662 3104 omnia
672 3055 760 3110 Musa,

150 3145 257 3196 Quarum
270 3158 339 3193 sacra
349 3145 402 3193 iero
414 3143 505 3206 ingenti
516 3156 644 3205 percussus
655 3153 748 3198 amore,

864 575 868 582 ·
905 552 935 602 69
