<?xml version="1.0" encoding="UTF-8"?>
<!DOCTYPE html PUBLIC "-//W3C//DTD XHTML 1.0 Transitional//EN"
    "http://www.w3.org/TR/xhtml1/DTD/xhtml1-transitional.dtd">
<html xmlns="http://www.w3.org/1999/xhtml" xml:lang="en" lang="en">
 <head>
  <title>
</title>
<meta http-equiv="Content-Type" content="text/html;charset=utf-8" />
  <meta name='ocr-system' content='tesseract 3.04.00' />
  <meta name='ocr-capabilities' content='ocr_page ocr_carea ocr_par ocr_line ocrx_word'/>
</head>
<body>
  <div class='ocr_page' id='page_1' title='image "./publiivirgiliim00heyngoog/publiivirgiliim00heyngoog_0410.png"; bbox 0 0 2334 3734; ppageno 0'>
   <div class='ocr_carea' id='block_1_1' title="bbox 221 512 793 567">
    <p class='ocr_par' dir='ltr' id='par_1_1' title="bbox 221 512 793 567">
     <span class='ocr_line' id='line_1_1' title="bbox 221 512 793 567; baseline -0.01 0"><span class='ocrx_word' id='word_1_1' title='bbox 221 519 269 567; x_wconf 81' lang='lat'>4⁰0</span> <span class='ocrx_word' id='word_1_2' title='bbox 442 517 469 563; x_wconf 92' lang='lat' dir='ltr'>P.</span> <span class='ocrx_word' id='word_1_3' title='bbox 486 514 625 563; x_wconf 71' lang='lat' dir='ltr'>vinoun</span> <span class='ocrx_word' id='word_1_4' title='bbox 640 512 793 563; x_wconf 70' lang='lat' dir='ltr'>Muttonis</span> 
     </span>
    </p>
   </div>
   <div class='ocr_carea' id='block_1_2' title="bbox 222 641 859 704">
    <p class='ocr_par' dir='ltr' id='par_1_2' title="bbox 222 641 859 704">
     <span class='ocr_line' id='line_1_2' title="bbox 222 641 859 704; baseline -0.008 -10"><span class='ocrx_word' id='word_1_5' title='bbox 222 646 294 694; x_wconf 81' lang='lat' dir='ltr'>Talia</span> <span class='ocrx_word' id='word_1_6' title='bbox 304 642 438 693; x_wconf 78' lang='lat' dir='ltr'>vociferans</span> <span class='ocrx_word' id='word_1_7' title='bbox 449 642 567 704; x_wconf 85' lang='lat' dir='ltr'>sequitur,</span> <span class='ocrx_word' id='word_1_8' title='bbox 576 641 736 704; x_wconf 78' lang='lat' dir='ltr'>strictttmqne</span> <span class='ocrx_word' id='word_1_9' title='bbox 746 648 859 690; x_wconf 70' lang='lat' dir='ltr'>coruscet</span> 
     </span>
    </p>
   </div>
   <div class='ocr_carea' id='block_1_3' title="bbox 72 718 855 796">
    <p class='ocr_par' dir='ltr' id='par_1_3' title="bbox 72 718 855 796">
     <span class='ocr_line' id='line_1_3' title="bbox 72 718 855 796; baseline -0.011 -11"><span class='ocrx_word' id='word_1_10' title='bbox 72 732 76 741; x_wconf 90' lang='grc'><strong>’</strong></span> <span class='ocrx_word' id='word_1_11' title='bbox 139 718 140 723; x_wconf 24' lang='lat'>¹</span> <span class='ocrx_word' id='word_1_12' title='bbox 224 737 385 796; x_wconf 81' lang='lat' dir='ltr'>Mucronem3</span> <span class='ocrx_word' id='word_1_13' title='bbox 403 748 447 782; x_wconf 86' lang='lat' dir='ltr'>nec</span> <span class='ocrx_word' id='word_1_14' title='bbox 459 734 523 781; x_wconf 82' lang='lat' dir='ltr'>ferre</span> <span class='ocrx_word' id='word_1_15' title='bbox 535 732 600 781; x_wconf 85' lang='lat' dir='ltr'>videt</span> <span class='ocrx_word' id='word_1_16' title='bbox 610 746 654 781; x_wconf 81' lang='lat' dir='ltr'>suu</span> <span class='ocrx_word' id='word_1_17' title='bbox 663 730 751 793; x_wconf 74' lang='lat' dir='ltr'>guntha</span> <span class='ocrx_word' id='word_1_18' title='bbox 761 737 855 779; x_wconf 83' lang='lat' dir='ltr'>ventos.</span> 
     </span>
    </p>
   </div>
   <div class='ocr_carea' id='block_1_4' title="bbox 215 817 891 1850">
    <p class='ocr_par' dir='ltr' id='par_1_4' title="bbox 224 817 771 973">
     <span class='ocr_line' id='line_1_4' title="bbox 225 817 771 881; baseline -0.011 -10"><span class='ocrx_word' id='word_1_19' title='bbox 225 823 298 871; x_wconf 77' lang='lat' dir='ltr'>Forte</span> <span class='ocrx_word' id='word_1_20' title='bbox 308 821 367 870; x_wconf 74' lang='lat' dir='ltr'>tutis</span> <span class='ocrx_word' id='word_1_21' title='bbox 379 820 437 869; x_wconf 85' lang='lat' dir='ltr'>celsi</span> <span class='ocrx_word' id='word_1_22' title='bbox 449 821 579 881; x_wconf 83' lang='lat' dir='ltr'>conjuncta</span> <span class='ocrx_word' id='word_1_23' title='bbox 586 818 710 881; x_wconf 79' lang='lat' dir='ltr'>crepidine</span> <span class='ocrx_word' id='word_1_24' title='bbox 717 817 771 866; x_wconf 80' lang='lat' dir='ltr'>saxi</span> 
     </span>
     <span class='ocr_line' id='line_1_5' title="bbox 224 908 761 973; baseline -0.007 -14"><span class='ocrx_word' id='word_1_25' title='bbox 224 910 348 973; x_wconf 81' lang='lat' dir='ltr'>Expositis</span> <span class='ocrx_word' id='word_1_26' title='bbox 359 910 438 958; x_wconf 70' lang='lat' dir='ltr'>nubat</span> <span class='ocrx_word' id='word_1_27' title='bbox 447 908 529 967; x_wconf 87' lang='lat' dir='ltr'>scalis,</span> <span class='ocrx_word' id='word_1_28' title='bbox 541 916 565 956; x_wconf 89' lang='lat' dir='ltr'>et</span> <span class='ocrx_word' id='word_1_29' title='bbox 576 915 650 971; x_wconf 88' lang='lat' dir='ltr'>ponte</span> <span class='ocrx_word' id='word_1_30' title='bbox 660 915 761 970; x_wconf 78' lang='lat' dir='ltr'>purnto;</span> 
     </span>
    </p>

    <p class='ocr_par' dir='ltr' id='par_1_5' title="bbox 224 994 760 1052">
     <span class='ocr_line' id='line_1_6' title="bbox 224 994 760 1052; baseline -0.007 -7"><span class='ocrx_word' id='word_1_31' title='bbox 224 1000 279 1052; x_wconf 81' lang='lat' dir='ltr'>Qun</span> <span class='ocrx_word' id='word_1_32' title='bbox 290 1011 333 1045; x_wconf 83' lang='lat' dir='ltr'>rex</span> <span class='ocrx_word' id='word_1_33' title='bbox 346 995 453 1045; x_wconf 86' lang='lat' dir='ltr'>Clusinis</span> <span class='ocrx_word' id='word_1_34' title='bbox 464 996 576 1044; x_wconf 69' lang='lat' dir='ltr'>advectis</span> <span class='ocrx_word' id='word_1_35' title='bbox 589 994 690 1044; x_wconf 77' lang='lat' dir='ltr'>Osinius</span> <span class='ocrx_word' id='word_1_36' title='bbox 700 994 760 1043; x_wconf 89' lang='lat' dir='ltr'>oris.</span> 
     </span>
    </p>

    <p class='ocr_par' dir='ltr' id='par_1_6' title="bbox 226 1083 759 1149">
     <span class='ocr_line' id='line_1_7' title="bbox 226 1083 759 1149; baseline -0.006 -14"><span class='ocrx_word' id='word_1_37' title='bbox 226 1088 280 1135; x_wconf 86' lang='lat' dir='ltr'>Huc</span> <span class='ocrx_word' id='word_1_38' title='bbox 291 1100 343 1135; x_wconf 87' lang='lat' dir='ltr'>sese</span> <span class='ocrx_word' id='word_1_39' title='bbox 355 1085 449 1149; x_wconf 81' lang='lat' dir='ltr'>trepida</span> <span class='ocrx_word' id='word_1_40' title='bbox 459 1086 542 1134; x_wconf 81' lang='lat' dir='ltr'>AEneae</span> <span class='ocrx_word' id='word_1_41' title='bbox 553 1084 667 1145; x_wconf 80' lang='lat' dir='ltr'>fugierttis</span> <span class='ocrx_word' id='word_1_42' title='bbox 678 1083 759 1142; x_wconf 73' lang='lat' dir='ltr'>imago</span> 
     </span>
    </p>

    <p class='ocr_par' dir='ltr' id='par_1_7' title="bbox 215 1157 887 1682">
     <span class='ocr_line' id='line_1_8' title="bbox 227 1157 887 1234; baseline -0.006 -11"><span class='ocrx_word' id='word_1_43' title='bbox 227 1157 334 1234; x_wconf 74' lang='lat' dir='ltr'>Coujicit</span> <span class='ocrx_word' id='word_1_44' title='bbox 344 1174 369 1222; x_wconf 91' lang='lat' dir='ltr'>in</span> <span class='ocrx_word' id='word_1_45' title='bbox 380 1175 485 1223; x_wconf 78' lang='lat' dir='ltr'>latebras</span> <span class='ocrx_word' id='word_1_46' title='bbox 496 1195 502 1221; x_wconf 75' lang='lat' dir='ltr'>r</span> <span class='ocrx_word' id='word_1_47' title='bbox 521 1186 566 1221; x_wconf 85' lang='lat' dir='ltr'>uec</span> <span class='ocrx_word' id='word_1_48' title='bbox 576 1174 676 1220; x_wconf 79' lang='lat' dir='ltr'>&#39;lurnus</span> <span class='ocrx_word' id='word_1_49' title='bbox 688 1171 785 1232; x_wconf 73' lang='lat' dir='ltr'>segnior</span> <span class='ocrx_word' id='word_1_50' title='bbox 797 1169 887 1232; x_wconf 80' lang='lat' dir='ltr'>instnt3</span> 
     </span>
     <span class='ocr_line' id='line_1_9' title="bbox 225 1260 841 1326; baseline -0.005 -15"><span class='ocrx_word' id='word_1_51' title='bbox 225 1265 409 1326; x_wconf 81' lang='lat' dir='ltr'>Exsuperntque</span> <span class='ocrx_word' id='word_1_52' title='bbox 421 1277 512 1321; x_wconf 84' lang='lat' dir='ltr'>moras,</span> <span class='ocrx_word' id='word_1_53' title='bbox 524 1271 548 1311; x_wconf 86' lang='lat' dir='ltr'>et</span> <span class='ocrx_word' id='word_1_54' title='bbox 559 1261 640 1325; x_wconf 87' lang='lat' dir='ltr'>pontis</span> <span class='ocrx_word' id='word_1_55' title='bbox 651 1260 841 1309; x_wconf 64' lang='lat' dir='ltr'>transilientes,</span> 
     </span>
     <span class='ocr_line' id='line_1_10' title="bbox 225 1349 863 1416; baseline -0.006 -15"><span class='ocrx_word' id='word_1_56' title='bbox 225 1352 274 1404; x_wconf 84' lang='lat' dir='ltr'>Vix</span> <span class='ocrx_word' id='word_1_57' title='bbox 284 1366 382 1416; x_wconf 79' lang='lat' dir='ltr'>proram</span> <span class='ocrx_word' id='word_1_58' title='bbox 393 1352 523 1413; x_wconf 78' lang='lat' dir='ltr'>adtigernt:</span> <span class='ocrx_word' id='word_1_59' title='bbox 542 1350 634 1412; x_wconf 81' lang='lat' dir='ltr'>rumpit</span> <span class='ocrx_word' id='word_1_60' title='bbox 641 1349 758 1399; x_wconf 75' lang='lat' dir='ltr'>Saturnio</span> <span class='ocrx_word' id='word_1_61' title='bbox 768 1349 863 1409; x_wconf 64' lang='lat' dir='ltr'>funenu</span> 
     </span>
     <span class='ocr_line' id='line_1_11' title="bbox 215 1445 848 1508; baseline -0.006 -13"><span class='ocrx_word' id='word_1_62' title='bbox 215 1447 390 1508; x_wconf 82' lang='lat' dir='ltr'>-Avolssmqne</span> <span class='ocrx_word' id='word_1_63' title='bbox 400 1445 463 1508; x_wconf 79' lang='lat' dir='ltr'>rupit</span> <span class='ocrx_word' id='word_1_64' title='bbox 474 1445 583 1494; x_wconf 79' lang='lat' dir='ltr'>revoluta</span> <span class='ocrx_word' id='word_1_65' title='bbox 591 1458 636 1507; x_wconf 81' lang='lat' dir='ltr'>per</span> <span class='ocrx_word' id='word_1_66' title='bbox 645 1457 744 1506; x_wconf 77' lang='lat' dir='ltr'>equore</span> <span class='ocrx_word' id='word_1_67' title='bbox 754 1456 848 1492; x_wconf 77' lang='lat' dir='ltr'>navem.</span> 
     </span>
     <span class='ocr_line' id='line_1_12' title="bbox 226 1530 870 1594; baseline -0.006 -12"><span class='ocrx_word' id='word_1_68' title='bbox 226 1536 301 1583; x_wconf 87' lang='lat' dir='ltr'>illum</span> <span class='ocrx_word' id='word_1_69' title='bbox 312 1541 392 1584; x_wconf 81' lang='lat' dir='ltr'>autem</span> <span class='ocrx_word' id='word_1_70' title='bbox 404 1536 493 1583; x_wconf 81' lang='lat' dir='ltr'>AEneas</span> <span class='ocrx_word' id='word_1_71' title='bbox 504 1534 629 1581; x_wconf 81' lang='lat' dir='ltr'>absentem</span> <span class='ocrx_word' id='word_1_72' title='bbox 640 1532 666 1579; x_wconf 91' lang='lat' dir='ltr'>in</span> <span class='ocrx_word' id='word_1_73' title='bbox 676 1532 764 1594; x_wconf 84' lang='lat' dir='ltr'>proelin</span> <span class='ocrx_word' id='word_1_74' title='bbox 775 1530 870 1593; x_wconf 80' lang='lat' dir='ltr'>poscit3</span> 
     </span>
     <span class='ocr_line' id='line_1_13' title="bbox 228 1619 807 1682; baseline -0.007 -11"><span class='ocrx_word' id='word_1_75' title='bbox 228 1622 306 1671; x_wconf 82' lang='lat' dir='ltr'>Obvia</span> <span class='ocrx_word' id='word_1_76' title='bbox 318 1624 395 1671; x_wconf 82' lang='lat' dir='ltr'>multa</span> <span class='ocrx_word' id='word_1_77' title='bbox 406 1622 485 1671; x_wconf 86' lang='lat' dir='ltr'>virum</span> <span class='ocrx_word' id='word_1_78' title='bbox 496 1620 602 1671; x_wconf 87' lang='lat' dir='ltr'>demittit</span> <span class='ocrx_word' id='word_1_79' title='bbox 610 1634 715 1682; x_wconf 78' lang='lat' dir='ltr'>corpore</span> <span class='ocrx_word' id='word_1_80' title='bbox 724 1619 807 1667; x_wconf 86' lang='lat' dir='ltr'>morti.</span> 
     </span>
    </p>

    <p class='ocr_par' dir='ltr' id='par_1_8' title="bbox 227 1706 891 1850">
     <span class='ocr_line' id='line_1_14' title="bbox 227 1706 891 1770; baseline -0.011 -9"><span class='ocrx_word' id='word_1_81' title='bbox 227 1714 292 1761; x_wconf 79' lang='lat' dir='ltr'>Tum</span> <span class='ocrx_word' id='word_1_82' title='bbox 304 1713 363 1761; x_wconf 85' lang='lat' dir='ltr'>levis</span> <span class='ocrx_word' id='word_1_83' title='bbox 374 1712 439 1761; x_wconf 82' lang='lat' dir='ltr'>haud</span> <span class='ocrx_word' id='word_1_84' title='bbox 449 1713 515 1759; x_wconf 82' lang='lat' dir='ltr'>ultra</span> <span class='ocrx_word' id='word_1_85' title='bbox 525 1712 629 1760; x_wconf 83' lang='lat' dir='ltr'>latebras</span> <span class='ocrx_word' id='word_1_86' title='bbox 638 1712 691 1770; x_wconf 80' lang='lat' dir='ltr'>jnm</span> <span class='ocrx_word' id='word_1_87' title='bbox 703 1708 791 1769; x_wconf 83' lang='lat' dir='ltr'>quaerit</span> <span class='ocrx_word' id='word_1_88' title='bbox 800 1706 891 1767; x_wconf 76' lang='lat' dir='ltr'>imago,</span> 
     </span>
     <span class='ocr_line' id='line_1_15' title="bbox 227 1797 814 1850; baseline -0.003 -1"><span class='ocrx_word' id='word_1_89' title='bbox 227 1800 275 1850; x_wconf 86' lang='lat' dir='ltr'>Sed</span> <span class='ocrx_word' id='word_1_90' title='bbox 286 1800 389 1849; x_wconf 85' lang='lat' dir='ltr'>sublime</span> <span class='ocrx_word' id='word_1_91' title='bbox 401 1801 485 1849; x_wconf 80' lang='lat' dir='ltr'>volnus</span> <span class='ocrx_word' id='word_1_92' title='bbox 497 1799 556 1847; x_wconf 87' lang='lat' dir='ltr'>nubi</span> <span class='ocrx_word' id='word_1_93' title='bbox 568 1813 594 1847; x_wconf 86' lang='lat' dir='ltr'>se</span> <span class='ocrx_word' id='word_1_94' title='bbox 605 1797 730 1847; x_wconf 81' lang='lat' dir='ltr'>inmiscuit</span> <span class='ocrx_word' id='word_1_95' title='bbox 739 1805 814 1847; x_wconf 75' lang='lat' dir='ltr'>aum:</span> 
     </span>
    </p>
   </div>
   <div class='ocr_carea' id='block_1_5' title="bbox 199 1864 987 2470">
    <p class='ocr_par' dir='ltr' id='par_1_9' title="bbox 199 1864 872 2039">
     <span class='ocr_line' id='line_1_16' title="bbox 199 1864 872 1948; baseline -0.007 -9"><span class='ocrx_word' id='word_1_96' title='bbox 199 1890 202 1897; x_wconf 89' lang='lat'>&#39;</span> <span class='ocrx_word' id='word_1_97' title='bbox 229 1864 292 1939; x_wconf 66' lang='lat' dir='ltr'>Cium</span> <span class='ocrx_word' id='word_1_98' title='bbox 304 1890 416 1937; x_wconf 75' lang='lat' dir='ltr'>&#39;lurnum</span> <span class='ocrx_word' id='word_1_99' title='bbox 428 1888 508 1935; x_wconf 86' lang='lat' dir='ltr'>medio</span> <span class='ocrx_word' id='word_1_100' title='bbox 519 1887 614 1935; x_wconf 76' lang='lat' dir='ltr'>interea·</span> <span class='ocrx_word' id='word_1_101' title='bbox 623 1887 673 1935; x_wconf 85' lang='lat' dir='ltr'>fert</span> <span class='ocrx_word' id='word_1_102' title='bbox 683 1900 780 1948; x_wconf 76' lang='lat' dir='ltr'>equore</span> <span class='ocrx_word' id='word_1_103' title='bbox 790 1866 872 1937; x_wconf 71' lang='lat' dir='ltr'>eribo.</span> 
     </span>
     <span class='ocr_line' id='line_1_17' title="bbox 228 1973 821 2039; baseline -0.005 -13"><span class='ocrx_word' id='word_1_104' title='bbox 228 1976 334 2039; x_wconf 82' lang='lat' dir='ltr'>Respicit</span> <span class='ocrx_word' id='word_1_105' title='bbox 344 1976 441 2035; x_wconf 75' lang='lat' dir='ltr'>ignarus</span> <span class='ocrx_word' id='word_1_106' title='bbox 453 1989 545 2034; x_wconf 90' lang='lat' dir='ltr'>rerum,</span> <span class='ocrx_word' id='word_1_107' title='bbox 558 1973 715 2036; x_wconf 78' lang='lat' dir='ltr'>ingratusque</span> <span class='ocrx_word' id='word_1_108' title='bbox 725 1975 821 2035; x_wconf 65' lang='lat' dir='ltr'>suiuus,</span> 
     </span>
    </p>

    <p class='ocr_par' dir='ltr' id='par_1_10' title="bbox 227 2062 890 2303">
     <span class='ocr_line' id='line_1_18' title="bbox 227 2062 855 2125; baseline -0.006 -13"><span class='ocrx_word' id='word_1_109' title='bbox 227 2066 260 2112; x_wconf 84' lang='lat' dir='ltr'>Et</span> <span class='ocrx_word' id='word_1_110' title='bbox 269 2062 371 2125; x_wconf 90' lang='lat' dir='ltr'>duplicis</span> <span class='ocrx_word' id='word_1_111' title='bbox 382 2076 438 2111; x_wconf 89' lang='lat' dir='ltr'>cnm</span> <span class='ocrx_word' id='word_1_112' title='bbox 449 2076 507 2111; x_wconf 88' lang='lat' dir='ltr'>voce</span> <span class='ocrx_word' id='word_1_113' title='bbox 518 2075 606 2110; x_wconf 80' lang='lat' dir='ltr'>manus</span> <span class='ocrx_word' id='word_1_114' title='bbox 616 2062 647 2110; x_wconf 85' lang='lat' dir='ltr'>ad</span> <span class='ocrx_word' id='word_1_115' title='bbox 659 2062 739 2111; x_wconf 81' lang='lat' dir='ltr'>sideru</span> <span class='ocrx_word' id='word_1_116' title='bbox 749 2062 840 2111; x_wconf 82' lang='lat' dir='ltr'>tendit:</span> <span class='ocrx_word' id='word_1_117' title='bbox 849 2080 855 2090; x_wconf 93' lang='lat'><strong>·</strong></span> 
     </span>
     <span class='ocr_line' id='line_1_19' title="bbox 229 2149 890 2215; baseline -0.008 -13"><span class='ocrx_word' id='word_1_118' title='bbox 229 2152 390 2215; x_wconf 75' lang='lat' dir='ltr'>Omnipotens</span> <span class='ocrx_word' id='word_1_119' title='bbox 402 2151 506 2213; x_wconf 80' lang='lat' dir='ltr'>genitor,</span> <span class='ocrx_word' id='word_1_120' title='bbox 517 2152 613 2199; x_wconf 82' lang='lat' dir='ltr'>tauton’</span> <span class='ocrx_word' id='word_1_121' title='bbox 627 2165 667 2198; x_wconf 91' lang='lat' dir='ltr'>me</span> <span class='ocrx_word' id='word_1_122' title='bbox 677 2150 780 2199; x_wconf 86' lang='lat' dir='ltr'>crimine</span> <span class='ocrx_word' id='word_1_123' title='bbox 791 2149 890 2211; x_wconf 76' lang='lat' dir='ltr'>dignum</span> 
     </span>
     <span class='ocr_line' id='line_1_20' title="bbox 228 2239 809 2303; baseline -0.009 -12"><span class='ocrx_word' id='word_1_124' title='bbox 228 2241 337 2301; x_wconf 81' lang='lat' dir='ltr'>Duxisti,</span> <span class='ocrx_word' id='word_1_125' title='bbox 349 2248 373 2291; x_wconf 88' lang='lat' dir='ltr'>et</span> <span class='ocrx_word' id='word_1_126' title='bbox 383 2241 439 2290; x_wconf 81' lang='lat' dir='ltr'>tulis</span> <span class='ocrx_word' id='word_1_127' title='bbox 450 2240 548 2289; x_wconf 85' lang='lat' dir='ltr'>voluisti</span> <span class='ocrx_word' id='word_1_128' title='bbox 558 2239 695 2303; x_wconf 84' lang='lat' dir='ltr'>expendere</span> <span class='ocrx_word' id='word_1_129' title='bbox 705 2253 789 2301; x_wconf 86' lang='lat' dir='ltr'>poenus</span> <span class='ocrx_word' id='word_1_130' title='bbox 799 2241 809 2286; x_wconf 79' lang='lat'>,²</span> 
     </span>
    </p>

    <p class='ocr_par' dir='ltr' id='par_1_11' title="bbox 228 2328 987 2470">
     <span class='ocr_line' id='line_1_21' title="bbox 228 2328 987 2390; baseline -0.005 -11"><span class='ocrx_word' id='word_1_131' title='bbox 228 2334 285 2385; x_wconf 85' lang='lat' dir='ltr'>Quo</span> <span class='ocrx_word' id='word_1_132' title='bbox 296 2331 381 2379; x_wconf 81' lang='lat' dir='ltr'>feror?</span> <span class='ocrx_word' id='word_1_133' title='bbox 401 2330 466 2379; x_wconf 85' lang='lat' dir='ltr'>unde</span> <span class='ocrx_word' id='word_1_134' title='bbox 477 2330 544 2379; x_wconf 78' lang='lat' dir='ltr'>sbti?</span> <span class='ocrx_word' id='word_1_135' title='bbox 563 2344 618 2390; x_wconf 81' lang='lat' dir='ltr'>quae</span> <span class='ocrx_word' id='word_1_136' title='bbox 629 2343 668 2376; x_wconf 90' lang='lat' dir='ltr'>me</span> <span class='ocrx_word' id='word_1_137' title='bbox 679 2328 745 2389; x_wconf 71' lang='lat' dir='ltr'>fugo,</span> <span class='ocrx_word' id='word_1_138' title='bbox 757 2342 860 2390; x_wconf 86' lang='lat' dir='ltr'>quemve</span> <span class='ocrx_word' id='word_1_139' title='bbox 872 2328 987 2377; x_wconf 83' lang='lat' dir='ltr'>reducet?</span> 
     </span>
     <span class='ocr_line' id='line_1_22' title="bbox 230 2417 840 2470; baseline -0.008 0"><span class='ocrx_word' id='word_1_140' title='bbox 230 2421 387 2470; x_wconf 81' lang='lat' dir='ltr'>Laurentisne</span> <span class='ocrx_word' id='word_1_141' title='bbox 399 2420 488 2469; x_wconf 82' lang='lat' dir='ltr'>iterum</span> <span class='ocrx_word' id='word_1_142' title='bbox 499 2433 583 2467; x_wconf 90' lang='lat' dir='ltr'>muros</span> <span class='ocrx_word' id='word_1_143' title='bbox 594 2425 637 2466; x_wconf 77' lang='lat' dir='ltr'>aut</span> <span class='ocrx_word' id='word_1_144' title='bbox 646 2425 726 2465; x_wconf 72' lang='lat' dir='ltr'>cestra</span> <span class='ocrx_word' id='word_1_145' title='bbox 735 2417 840 2466; x_wconf 84' lang='lat' dir='ltr'>videbo?</span> 
     </span>
    </p>
   </div>
   <div class='ocr_carea' id='block_1_6' title="bbox 228 2505 948 3185">
    <p class='ocr_par' dir='ltr' id='par_1_12' title="bbox 229 2505 948 2658">
     <span class='ocr_line' id='line_1_23' title="bbox 230 2505 948 2568; baseline -0.006 -11"><span class='ocrx_word' id='word_1_146' title='bbox 230 2509 295 2563; x_wconf 85' lang='lat' dir='ltr'>Quid</span> <span class='ocrx_word' id='word_1_147' title='bbox 306 2522 392 2556; x_wconf 80' lang='lat' dir='ltr'>manus</span> <span class='ocrx_word' id='word_1_148' title='bbox 403 2508 446 2556; x_wconf 77' lang='lat' dir='ltr'>illu</span> <span class='ocrx_word' id='word_1_149' title='bbox 455 2508 546 2566; x_wconf 87' lang='lat' dir='ltr'>virum,</span> <span class='ocrx_word' id='word_1_150' title='bbox 558 2505 601 2568; x_wconf 92' lang='lat' dir='ltr'>qui</span> <span class='ocrx_word' id='word_1_151' title='bbox 613 2520 652 2553; x_wconf 89' lang='lat' dir='ltr'>me</span> <span class='ocrx_word' id='word_1_152' title='bbox 663 2518 764 2565; x_wconf 76' lang='lat' dir='ltr'>meoque</span> <span class='ocrx_word' id='word_1_153' title='bbox 775 2519 844 2553; x_wconf 73' lang='lat' dir='ltr'>arma</span> <span class='ocrx_word' id='word_1_154' title='bbox 853 2505 948 2555; x_wconf 82' lang='lat' dir='ltr'>secuti?</span> 
     </span>
     <span class='ocr_line' id='line_1_24' title="bbox 229 2593 884 2658; baseline -0.005 -14"><span class='ocrx_word' id='word_1_155' title='bbox 229 2597 328 2650; x_wconf 83' lang='lat' dir='ltr'>Quosne</span> <span class='ocrx_word' id='word_1_156' title='bbox 343 2594 432 2658; x_wconf 82' lang='lat' dir='ltr'>(nefas)</span> <span class='ocrx_word' id='word_1_157' title='bbox 448 2595 528 2643; x_wconf 86' lang='lat' dir='ltr'>omnis</span> <span class='ocrx_word' id='word_1_158' title='bbox 539 2593 639 2642; x_wconf 76' lang='lat' dir='ltr'>infundo</span> <span class='ocrx_word' id='word_1_159' title='bbox 649 2593 674 2640; x_wconf 95' lang='lat' dir='ltr'>in</span> <span class='ocrx_word' id='word_1_160' title='bbox 686 2600 765 2641; x_wconf 84' lang='lat' dir='ltr'>morte</span> <span class='ocrx_word' id='word_1_161' title='bbox 774 2593 864 2655; x_wconf 86' lang='lat' dir='ltr'>reliqui</span> <span class='ocrx_word' id='word_1_162' title='bbox 874 2596 884 2641; x_wconf 73' lang='grc' dir='ltr'><strong><em>ἓ</em></strong></span> 
     </span>
    </p>

    <p class='ocr_par' dir='ltr' id='par_1_13' title="bbox 228 2681 946 2921">
     <span class='ocr_line' id='line_1_25' title="bbox 228 2681 856 2744; baseline -0.002 -14"><span class='ocrx_word' id='word_1_163' title='bbox 228 2683 262 2730; x_wconf 82' lang='lat' dir='ltr'>Et</span> <span class='ocrx_word' id='word_1_164' title='bbox 272 2696 337 2730; x_wconf 88' lang='lat' dir='ltr'>nunc</span> <span class='ocrx_word' id='word_1_165' title='bbox 348 2682 451 2744; x_wconf 76' lang='lat' dir='ltr'>palantis</span> <span class='ocrx_word' id='word_1_166' title='bbox 463 2681 542 2741; x_wconf 87' lang='lat' dir='ltr'>video,</span> <span class='ocrx_word' id='word_1_167' title='bbox 554 2682 718 2743; x_wconf 77' lang='lat' dir='ltr'>gemitumque</span> <span class='ocrx_word' id='word_1_168' title='bbox 727 2681 856 2731; x_wconf 74' lang='lat' dir='ltr'>cadentum</span> 
     </span>
     <span class='ocr_line' id='line_1_26' title="bbox 229 2769 946 2835; baseline -0.001 -15"><span class='ocrx_word' id='word_1_169' title='bbox 229 2771 340 2835; x_wconf 85' lang='lat' dir='ltr'>Adcipio.</span> <span class='ocrx_word' id='word_1_170' title='bbox 373 2770 439 2826; x_wconf 85' lang='lat' dir='ltr'>Ouid</span> <span class='ocrx_word' id='word_1_171' title='bbox 450 2784 494 2831; x_wconf 83' lang='lat' dir='ltr'>ago</span> <span class='ocrx_word' id='word_1_172' title='bbox 505 2772 515 2832; x_wconf 66' lang='lat' dir='ltr'>i</span> <span class='ocrx_word' id='word_1_173' title='bbox 535 2778 578 2818; x_wconf 81' lang='lat' dir='ltr'>eut</span> <span class='ocrx_word' id='word_1_174' title='bbox 587 2772 699 2831; x_wconf 81' lang='lat' dir='ltr'>quaejam</span> <span class='ocrx_word' id='word_1_175' title='bbox 710 2770 768 2819; x_wconf 82' lang='lat' dir='ltr'>satis</span> <span class='ocrx_word' id='word_1_176' title='bbox 779 2769 829 2819; x_wconf 79' lang='lat' dir='ltr'>ima</span> <span class='ocrx_word' id='word_1_177' title='bbox 838 2770 946 2820; x_wconf 81' lang='lat' dir='ltr'>dehiscat</span> 
     </span>
     <span class='ocr_line' id='line_1_27' title="bbox 229 2858 833 2921; baseline -0.002 -12"><span class='ocrx_word' id='word_1_178' title='bbox 229 2863 307 2909; x_wconf 79' lang='lat' dir='ltr'>Terra</span> <span class='ocrx_word' id='word_1_179' title='bbox 317 2859 378 2908; x_wconf 88' lang='lat' dir='ltr'>mihi</span> <span class='ocrx_word' id='word_1_180' title='bbox 388 2861 398 2907; x_wconf 73' lang='grc' dir='ltr'><strong><em>ἓ</em></strong></span> <span class='ocrx_word' id='word_1_181' title='bbox 417 2874 459 2909; x_wconf 88' lang='lat' dir='ltr'>vos</span> <span class='ocrx_word' id='word_1_182' title='bbox 470 2874 485 2908; x_wconf 91' lang='grc' dir='ltr'>ο</span> <span class='ocrx_word' id='word_1_183' title='bbox 496 2858 575 2921; x_wconf 87' lang='lat' dir='ltr'>potins</span> <span class='ocrx_word' id='word_1_184' title='bbox 587 2858 745 2918; x_wconf 85' lang='lat' dir='ltr'>miserescite,</span> <span class='ocrx_word' id='word_1_185' title='bbox 757 2859 833 2918; x_wconf 87' lang='lat' dir='ltr'>venti,</span> 
     </span>
    </p>

    <p class='ocr_par' dir='ltr' id='par_1_14' title="bbox 231 2946 834 3011">
     <span class='ocr_line' id='line_1_28' title="bbox 231 2946 834 3011; baseline 0 -14"><span class='ocrx_word' id='word_1_186' title='bbox 231 2950 260 2997; x_wconf 90' lang='lat' dir='ltr'>ln</span> <span class='ocrx_word' id='word_1_187' title='bbox 271 2963 354 3011; x_wconf 85' lang='lat' dir='ltr'>rupes,</span> <span class='ocrx_word' id='word_1_188' title='bbox 366 2948 391 2996; x_wconf 91' lang='lat' dir='ltr'>in</span> <span class='ocrx_word' id='word_1_189' title='bbox 404 2962 463 2997; x_wconf 78' lang='lat' dir='ltr'>saxa</span> <span class='ocrx_word' id='word_1_190' title='bbox 477 2949 572 3011; x_wconf 84' lang='lat' dir='ltr'>(volens</span> <span class='ocrx_word' id='word_1_191' title='bbox 584 2962 626 2995; x_wconf 83' lang='lat' dir='ltr'>vos</span> <span class='ocrx_word' id='word_1_192' title='bbox 638 2950 737 2997; x_wconf 83' lang='lat' dir='ltr'>Turnus</span> <span class='ocrx_word' id='word_1_193' title='bbox 748 2946 834 3009; x_wconf 79' lang='lat' dir='ltr'>adoro)</span> 
     </span>
    </p>

    <p class='ocr_par' dir='ltr' id='par_1_15' title="bbox 230 3034 898 3185">
     <span class='ocr_line' id='line_1_29' title="bbox 230 3034 827 3099; baseline 0.002 -15"><span class='ocrx_word' id='word_1_194' title='bbox 230 3037 300 3084; x_wconf 84' lang='lat' dir='ltr'>Ferte</span> <span class='ocrx_word' id='word_1_195' title='bbox 311 3043 398 3095; x_wconf 83' lang='lat' dir='ltr'>ratem,</span> <span class='ocrx_word' id='word_1_196' title='bbox 409 3034 525 3097; x_wconf 75' lang='lat' dir='ltr'>serisque</span> <span class='ocrx_word' id='word_1_197' title='bbox 535 3034 601 3084; x_wconf 77' lang='lat' dir='ltr'>vadis</span> <span class='ocrx_word' id='word_1_198' title='bbox 612 3034 728 3085; x_wconf 86' lang='lat' dir='ltr'>inmittite</span> <span class='ocrx_word' id='word_1_199' title='bbox 740 3036 827 3099; x_wconf 85' lang='lat' dir='ltr'>Syrtin,</span> 
     </span>
     <span class='ocr_line' id='line_1_30' title="bbox 231 3122 898 3185; baseline -0.004 -9"><span class='ocrx_word' id='word_1_200' title='bbox 231 3124 372 3184; x_wconf 79' lang='lat' dir='ltr'>Quousque</span> <span class='ocrx_word' id='word_1_201' title='bbox 384 3137 423 3171; x_wconf 89' lang='lat' dir='ltr'>me</span> <span class='ocrx_word' id='word_1_202' title='bbox 434 3123 530 3183; x_wconf 87' lang='lat' dir='ltr'>Rutuli,</span> <span class='ocrx_word' id='word_1_203' title='bbox 539 3137 583 3171; x_wconf 85' lang='lat' dir='ltr'>nec</span> <span class='ocrx_word' id='word_1_204' title='bbox 593 3122 690 3171; x_wconf 80' lang='lat' dir='ltr'>conscia</span> <span class='ocrx_word' id='word_1_205' title='bbox 700 3124 765 3173; x_wconf 67' lang='lat' dir='ltr'>mmo</span> <span class='ocrx_word' id='word_1_206' title='bbox 774 3131 898 3185; x_wconf 72' lang='lat' dir='ltr'>sequenti,</span> 
     </span>
    </p>
   </div>
   <div class='ocr_carea' id='block_1_7' title="bbox 0 0 1186 3734">
    <p class='ocr_par' dir='ltr' id='par_1_16' title="bbox 0 0 1186 3734">
     <span class='ocr_line' id='line_1_31' title="bbox 0 0 1186 3734; baseline 0 0"><span class='ocrx_word' id='word_1_207' title='bbox 0 0 1186 3734; x_wconf 95' lang='lat' dir='ltr'> </span> 
     </span>
    </p>
   </div>
  </div>
 </body>
</html>
