2334 3734
214 538 263 585 468
408 536 434 582 Ρ.
448 532 583 583 VIRGILll
601 532 754 581 MARONIS

217 666 319 711 lutense
330 659 416 710 coiisse
424 660 500 720 viros,
506 667 532 708 et
539 674 638 710 cernere
649 661 724 709 ferro.

215 753 295 813 Atque
301 750 350 811 illi,
362 757 389 797 ut
398 762 474 798 vacuo
486 755 617 810 patuerunt
625 760 723 809 equore
732 747 826 810 campi,

214 842 337 888 Procursu
344 837 441 899 rapido,
451 836 569 896 conjectis
579 836 676 885 eminus
682 836 773 897 hastis,

216 926 335 976 Invadunt
345 928 451 973 Martem
462 924 547 987 clipeis
558 933 630 987 atque
640 940 689 973 aere
701 938 800 974 sonoro.

217 1018 265 1064 Dat
273 1014 390 1075 gemitum
401 1016 488 1063 tellus:
507 1022 559 1062 tum
570 1015 670 1064 crebros
680 1012 778 1061 ensibus
786 1012 848 1061 ictus

218 1102 405 1163 Congeminant.
439 1104 499 1151 Fors
510 1111 535 1151 et
545 1102 622 1151 virtus
634 1101 767 1162 miseentur
772 1101 797 1149 in
810 1115 895 1149 unum.

216 1192 252 1239 Ac
264 1192 339 1251 velut,
351 1191 442 1251 ingenti
454 1192 514 1251 Sila,
527 1204 653 1239 summove
662 1191 789 1249 Taburno,

189 1335 191 1341 ,
218 1280 280 1329 Cum
292 1280 341 1327 duo
352 1280 474 1329 conversis
486 1280 586 1327 inimica
596 1279 622 1327 iu
634 1278 721 1341 proelia
731 1276 796 1325 tauri

217 1368 347 1417 Frontibus
358 1368 497 1425 incurrunt,
510 1365 593 1430 pavidi
602 1375 695 1414 cessere
706 1364 830 1425 magistri3

217 1458 270 1505 Stat
279 1470 352 1518 pecus
363 1468 436 1503 omne
448 1461 516 1501 metu
522 1459 629 1511 mutum,
645 1459 802 1514 mussantque
810 1455 936 1512 juvencas,

217 1544 278 1599 Quis
289 1543 384 1592 nemori
395 1541 526 1604 imperitet,
535 1554 608 1603 quem
619 1547 673 1588 tota
682 1547 794 1589 armenta
802 1547 951 1603 sequentum

217 1632 257 1679 llli
265 1632 327 1680 inter
338 1644 391 1679 sese
402 1630 509 1679 multari
518 1630 623 1678 volnera
629 1628 743 1689 miscent,

219 1721 365 1781 Cornuaque
375 1719 460 1767 obnixi
471 1720 586 1780 infigunt,
597 1725 623 1766 et
633 1716 750 1778 sanguine
757 1718 826 1779 largo

220 1807 291 1855 Colla
297 1821 425 1868 armosque
432 1808 528 1869 lavant;
546 1796 638 1869 gemitu
649 1819 736 1853 nemus
747 1819 821 1853 omne
829 1804 951 1867 remugitz

219 1894 290 1942 Haud
302 1895 371 1943 aliter
382 1897 445 1943 'lbos
456 1870 546 1943 AEneas
557 1902 583 1945 et
596 1896 705 1945 Daunius
715 1896 789 1944 heros

219 1983 374 2030 Concurrunt
384 1981 475 2042 clipeis.
509 1984 597 2041 lugens
610 1984 692 2043 fragor
701 1983 793 2031 anthera
808 1982 914 2045 conplet.

217 2072 232 2119 J
237 2069 329 2131 uppiter
340 2069 390 2131 ipse
402 2069 462 2118 duas
473 2078 569 2132 aequato
581 2072 696 2136 examine
703 2073 786 2119 lances

218 2157 336 2218 Sustinet,
347 2166 372 2206 et
380 2158 431 2207 lata
439 2158 534 2219 inponit
546 2159 642 2208 diversa
653 2158 774 2218 duorum;

218 2234 296 2301 Quem
307 2246 406 2293 damnet
416 2246 496 2305 labor,
508 2253 534 2294 et
545 2260 594 2307 quo
601 2255 683 2307 vergat
688 2246 796 2307 pondere
803 2245 888 2295 letum.

218 2334 315 2381 Emicat
326 2334 376 2394 hic,
389 2333 479 2396 inpune
491 2341 588 2396 putans,
599 2342 625 2383 et
635 2348 737 2395 corpore
748 2342 801 2383 toto

217 2423 274 2470 Alte
285 2423 407 2473 sublatum
419 2422 545 2482 consurgit
555 2424 656 2471 Turnus
666 2422 691 2469 in
702 2436 797 2482 ensem,

219 2509 252 2557 Et
263 2509 328 2557 terit.
361 2510 508 2560 Exclamant
517 2511 596 2558 Troes
607 2510 742 2571 trepidique
753 2508 845 2569 latini,

218 2598 377 2659 Adrectaeque
389 2598 518 2645 amborum
528 2598 600 2649 scies.
632 2599 666 2646 At
676 2597 781 2660 perfidus
792 2596 857 2645 ensis

217 2684 354 2745 Frangitur,
366 2684 391 2731 in
402 2684 529 2745 medioque
541 2686 672 2733 ardentem
680 2684 770 2733 deserit
781 2684 846 2733 ictu:

218 2775 251 2824 Ni
263 2776 319 2836 luga
326 2774 434 2823 subsidio
445 2776 537 2824 subeat.
571 2776 642 2837 Fugit
650 2774 718 2836 ocior
729 2777 805 2834 Euro,

219 2866 255 2913 Ut
265 2865 381 2926 capulum
388 2863 498 2926 ignotum
509 2864 669 2925 dextramque
679 2862 790 2926 adspexit
798 2863 925 2913 inermem.

218 2954 291 3000 Fama
301 2961 347 3013 est,
358 2948 514 3015 praecipitem,
527 2968 583 3002 cum
594 2952 673 3015 prima
684 2952 711 3001 in
720 2953 807 3014 proelia
814 2954 912 3013 iunctos
929 2944 938 2961 ’

219 3040 402 3088 Conscendebat
415 3055 500 3101 equos,
512 3042 590 3103 patrio
599 3040 818 3099 mucronerelicto‚

219 3128 283 3175 Dum
294 3127 407 3190 trepidat,
419 3120 511 3177 terrum
522 3130 611 3190 aurigoe
622 3129 730 3191 rapuisse
740 3128 852 3189 Metisclp
