2334 3734
352 527 551 579 GEORGICON
568 528 631 577 uls.
649 529 694 578 lll.
888 532 918 580 sl

118 654 234 720 Femlnc3
252 669 297 705 uec
307 669 437 706 nemorum
447 655 538 718 patitur
549 656 701 718 meminisse,
711 671 757 708 nec
764 658 854 708 beer

118 745 235 794 Dulcibus
245 745 290 794 illa
299 744 398 806 quidem
409 744 537 794 inlecebris
547 751 573 793 et
584 759 648 809 supe
657 747 775 809 superbos

117 836 239 885 Cornibuu
251 835 316 884 inter
328 847 354 882 se
366 834 456 895 subigit
464 835 596 883 decernere
606 835 719 885 amanda

119 924 228 972 Pascimr
240 924 267 973 iu
281 938 369 985 magua
379 924 431 973 Sila
442 924 552 973 formosa
558 926 677 985 Juveuoet

118 1014 158 1062 llll
170 1016 320 1063 alternantes
331 1014 409 1063 multa
418 1013 442 1062 vi
452 1013 539 1076 proelia
550 1013 655 1063 miscent

117 1103 264 1152 volneribus
275 1103 366 1152 crebris
376 1123 383 1165 ;
401 1103 461 1152 lavit
471 1111 522 1153 ater
533 1117 637 1166 corpore
648 1104 744 1166 sanguis
754 1126 763 1169 3

116 1196 238 1256 versaque
250 1194 277 1243 in
288 1193 394 1243 obnixos
404 1203 540 1255 urguentur
550 1209 645 1244 cornua
656 1205 725 1246 vasto

120 1284 180 1333 eum
191 1283 285 1346 gemitu
295 1303 303 1345 ;
321 1284 423 1332 reboant
434 1283 548 1346 silvaeque
559 1291 584 1332 et
594 1285 683 1347 longus
695 1285 823 1350 Olympus.

119 1374 169 1422 Nec
181 1387 235 1422 mos
245 1372 361 1421 bellantis
372 1385 422 1420 uua
432 1373 571 1422 stabulare:
592 1373 635 1423 sed
646 1375 708 1429 alter

119 1463 201 1512 Victus
213 1463 275 1523 abit,
286 1463 406 1525 longeque
417 1462 507 1524 ignotis
517 1463 616 1512 exsulat
626 1463 695 1526 oris;

121 1553 200 1600 Multa
211 1565 312 1613 gemens
323 1549 481 1612 ignominiam
493 1552 623 1614 plagasque
631 1551 729 1615 superbi

121 1641 236 1702 Victoris,
247 1650 312 1700 uum,
325 1653 385 1702 quos
396 1640 479 1689 emisit
489 1639 594 1702 inultus,
604 1655 717 1704 amorea3

122 1731 153 1778 lit
163 1731 261 1779 stabula
270 1729 411 1791 adspectans
422 1728 503 1790 reguis
514 1728 619 1778 excessit
629 1727 707 1778 uritis.

123 1821 185 1880 Ergo
197 1818 268 1868 omni
278 1831 337 1866 cura
348 1817 411 1866 vires
423 1824 531 1879 exercet,
542 1826 567 1866 et
577 1819 642 1868 inter

123 1910 189 1957 Dura
197 1910 264 1969 iacet
274 1921 369 1970 pernox
380 1907 484 1956 instrato
496 1921 557 1956 saxa
567 1907 655 1970 cubili,

122 1997 259 2046 Fraudibus
267 1997 369 2046 hirsutis
380 2003 405 2045 et
415 1997 493 2045 carice
505 2004 588 2060 pastus
600 2005 686 2061 acum

107 2154 110 2159 Ι
120 2087 152 2135 lit
161 2095 240 2136 tentet
251 2100 313 2146 sese,
324 2094 396 2148 atque
408 2085 480 2134 lrusci
490 2085 517 2133 in
527 2099 622 2134 coruus
632 2085 704 2135 discit

123 2175 224 2226 Arboris
236 2175 342 2224 obnixus
353 2181 451 2234 trunco,
462 2181 597 2235 ventosque
607 2174 705 2223 lacessit

124 2265 226 2325 lctibus,
238 2274 263 2314 et
274 2277 358 2327 sparsa
367 2264 399 2312 ad
410 2277 516 2326 pugnam
527 2261 637 2326 proludit
646 2277 728 2313 arena.

125 2355 192 2417 Post,
203 2355 247 2403 ubi
258 2356 395 2404 conlectum
408 2353 725 2415 momenmentum,

125 2443 199 2506 Signa
210 2451 303 2504 movet,
314 2457 467 2507 praeoepsque
477 2441 582 2491 oblitum
593 2442 671 2491 fertur
681 2441 709 2489 ln
719 2441 829 2491 bostem:

126 2533 226 2582 Fluctus
236 2533 284 2594 uti,
296 2533 377 2581 medio
388 2532 462 2596 coepit
472 2545 546 2593 quum
558 2532 681 2580 albescere
691 2537 779 2593 ponto,

127 2621 235 2684 longius
245 2636 277 2671 ex
288 2623 386 2684 altoque
397 2621 479 2671 einum
490 2620 583 2682 trabit3
599 2627 684 2682 utque,
695 2619 793 2668 volutus

125 2711 164 2760 Ad
174 2719 263 2774 terras,
277 2711 376 2760 inmune
388 2718 459 2760 sonat
468 2725 511 2774 per
523 2724 593 2770 saxa,
604 2723 683 2772 neque
693 2709 746 2774 ipso

127 2799 214 2848 Monte
224 2800 306 2849 minor
317 2800 471 2864 procumbit5
489 2799 574 2848 etima
584 2799 779 2848 exestuatuuda

127 2887 275 2950 verticibus,
286 2890 429 2952 nigramque
439 2890 489 2938 alte
500 2889 619 2948 subjectus
629 2901 737 2936 menam·

159 2980 241 3028 Omne
253 2979 313 3028 adeo
325 2993 401 3042 genus
411 2979 437 3027 iu
448 2978 521 3027 terris
531 2977 708 3039 bominumque
719 2976 886 3038 ferarumque,

130 3069 163 3116 Et
174 3081 250 3128 genus
261 3082 412 3130 aequoreum,
423 3061 538 3130 pecudes,
548 3065 666 3129 pictaeque
672 3065 794 3125 volucres,

133 3159 163 3206 ln
176 3158 254 3208 furias
264 3158 394 3220 ignemque
402 3165 492 3206 ruunt:
510 3159 589 3206 Amor
597 3154 711 3204 omuibus
723 3153 796 3203 idem.

525 3259 543 3291 o
