2334 3734
433 518 592 570 AENElDOS
609 519 672 568 LIB.
689 519 720 570 V.
926 518 974 568 249

173 652 210 698 Ac
220 647 255 698 sic
267 645 433 698 Dardanidum
444 648 550 699 mediam
561 664 587 699 se
598 647 717 699 matribus
728 647 819 698 infert:

84 764 90 772 ·
175 741 198 790 0
211 739 319 801 miserm,
330 754 390 803 quas
402 755 452 789 non
464 754 561 802 munus,
573 740 663 802 inquit,
674 737 781 788 Achaica
790 737 857 786 hello

173 830 289 880 traxerit
299 829 331 879 ud
341 830 418 878 letum
430 829 514 892 patriae
526 832 571 879 suh
583 830 722 879 moenihus!
742 844 757 878 o
769 843 827 891 gens

174 919 280 969 Infelix!
299 918 339 968 cui
349 926 374 968 te
384 918 461 968 exitio
473 921 582 968 Fortuna
593 927 701 968 reservat
711 921 721 967 i

175 1010 285 1074 Septima
292 1017 348 1074 post
358 1011 441 1070 TroJ‘e
451 1007 572 1058 excidium
581 1005 633 1070 jam
644 1009 746 1060 vertitur
757 1017 829 1058 aestas
840 1029 846 1058 ι

176 1101 239 1150 Cum
250 1101 323 1161 freta,
335 1114 391 1148 cum
402 1108 481 1148 terras
491 1099 583 1159 omnis,
594 1106 633 1148 tot
643 1098 767 1163 inhospita
777 1111 837 1148 saxa

176 1188 309 1250 Sideraque
319 1202 425 1236 emensae
435 1187 538 1237 ferimur
548 1207 557 1250 3
573 1186 633 1236 dum
645 1202 689 1250 per
698 1201 766 1236 mare
776 1199 890 1248 magnum
943 1169 945 1172 ¹

174 1279 271 1329 ltaliam
283 1278 408 1340 sequimur
420 1279 563 1340 fugientem,
575 1285 600 1326 et
610 1277 731 1325 volvimur
741 1276 824 1325 undis.
849 1320 852 1328 .

122 1368 124 1373 '
175 1369 223 1418 1111
233 1369 317 1432 Erycis
328 1369 390 1419 fines
401 1367 516 1429 fraterni,
527 1376 599 1430 atque
610 1367 698 1430 hospes
710 1369 824 1416 Acestes:

177 1458 243 1514 Quid
253 1459 368 1522 prohihet
377 1467 462 1507 muros
471 1460 564 1519 iacere,
576 1464 602 1506 et
610 1458 669 1506 dare
678 1457 770 1516 civibus
781 1457 887 1506 urbem?

177 1550 200 1600 Ο
213 1549 301 1612 patria,
313 1558 338 1598 et
349 1549 587 1612 raptinequidquam
598 1562 629 1599 ex
641 1548 712 1596 hoste
724 1549 838 1607 Penates,

177 1640 283 1688 Nullane
292 1641 345 1700 jam
356 1641 439 1700 Trojae
449 1639 560 1688 dicentum
572 1637 682 1688 moenia?
702 1652 822 1700 nusquam

177 1730 311 1777 Hectoreos
323 1727 414 1789 amnis,
425 1729 551 1777 Xanthum
561 1737 587 1777 et
599 1727 735 1788 Simoenta,
747 1728 851 1778 videbo?

177 1818 244 1874 Quin
256 1818 329 1880 agito,
341 1827 366 1868 et
377 1833 473 1867 mecum
484 1817 603 1868 infaustas
614 1818 710 1869 exurite
720 1831 821 1880 puppes.

134 1925 138 1931 ·
178 1910 243 1957 Nam
255 1908 316 1956 mihi
328 1907 473 1958 Cassandro·
480 1923 524 1972 per
533 1922 647 1957 somnum
659 1907 720 1956 vatis
729 1907 811 1968 imago

177 1996 293 2048 Ardentis
304 1997 362 2047 dare
372 1997 508 2047 1111111111.-
542 1998 589 2047 liic
600 1996 701 2060 quaerite
711 1997 829 2058 Trojam3
852 1995 854 1999 ’

179 2090 227 2138 1111
238 2090 325 2139 domus
335 2098 383 2150 est,
396 2089 486 2152 inquit,
497 2089 574 2138 vobis.
596 2091 665 2138 -Jam
676 2102 783 2152 tempus,
794 2087 833 2150 agi
845 2101 883 2136 res
894 2107 903 2149 ;

180 2181 232 2252 Nec
242 2179 317 2228 1111111
330 2193 400 2228 mora
410 2177 534 2242 prodigiis.
567 2179 606 2225 En
618 2185 721 2240 quatuor
733 2192 782 2226 arae

180 2271 304 2332 Neptuno.
337 2270 407 2331 Deus,
415 2268 467 2331 ipse
477 2268 542 2317 faces
553 2266 711 2330 animumque
721 2266 853 2316 ministrat.

124 2375 129 2384 ·
182 2360 241 2407 Haec
252 2371 401 2419 memorans,
413 2357 493 2421 prima
502 2357 627 2406 infensum
637 2356 661 2405 11
669 2354 775 2419 conripit
785 2355 877 2416 ignem,

181 2449 330 2510 sublataque
340 2450 426 2512 procul
437 2448 524 2496 dextra
534 2447 642 2496 connixa
652 2453 774 2505 coruscat,

159 2517 163 2522 ’
180 2539 213 2588 Et
220 2538 289 2599 jacit.
322 2537 434 2587 Adrectae
442 2544 546 2597 mentes,
559 2536 740 2600 stupefactaque
750 2533 824 2583 corda

181 2628 296 2681 iliadum.
330 2628 377 2678 Hic
388 2643 439 2677 una
449 2643 463 2676 e
476 2627 571 2689 multis,
583 2643 637 2689 quae
648 2639 764 2676 maxuma
775 2631 844 2686 natu,

182 2720 272 2782 Pyrgo,
285 2725 322 2766 tot
335 2717 426 2767 Priami
438 2725 550 2766 natorum
564 2717 631 2778 regia
641 2714 740 2765 nutrix:

183 2811 241 2858 Non
254 2810 334 2857 Beroe
343 2809 423 2868 vohis,
435 2823 485 2856 nou
499 2808 551 2855 haec
563 2805 684 2865 Rhoeteia,
696 2812 797 2865 matres,

183 2899 229 2948 Est
239 2898 339 2960 Dorycli
349 2899 466 2958 conjunx.
499 2895 582 2945 Divini
594 2895 662 2956 sigua
673 2894 778 2954 decoris,
812 2958 818 2970 .

182 2987 349 3050 Ardentisque
360 2996 443 3036 notate
454 2989 556 3048 oculos;
575 2986 617 3048 qui
627 2985 726 3049 spiritus
738 2983 786 3044 illi,

183 3078 233 3133 Qui
243 3079 335 3138 voltus,
346 3059 442 3126 vocisve
450 3090 536 3137 sonus,
547 3076 585 3124 vel
597 3087 694 3136 gressus
706 3071 782 3121 eunti.

185 3167 240 3230 Ipsa
250 3173 348 3229 egomet
357 3164 449 3217 dudum
460 3165 557 3215 Beroen
568 3162 676 3224 digressa
687 3159 776 3222 reliqui
