2334 3734
402 540 561 592 AENEIDOS
577 541 641 591 [ΑΒ.
658 542 704 591 111.
911 542 957 591 181

154 668 252 732 Excipit
262 669 396 731 incautum,
408 670 547 735 patriasque
556 672 688 720 obtruncet
698 670 729 720 ad
739 684 802 720 uras.

155 759 236 808 Morte
247 761 403 824 Neoptolemi
413 775 547 822 regnorum
557 761 652 812 reddita
661 761 736 812 cessit

154 847 213 897 Pars
226 850 339 913 Helen03
357 852 398 914 qui
410 853 535 902 Chaonios
545 853 690 915 cognomine
699 868 808 918 campos,

154 936 337 1001 Chaoniamque
348 955 447 990 omnem
458 943 568 1002 'liciano
578 957 595 992 a
607 943 707 992 Chaone
717 943 791 1003 dixit,

153 1025 318 1090 Pergamaque
329 1029 475 1092 Iliacamque
482 1032 547 1093 jugis
557 1032 620 1081 hanc
631 1031 724 1081 addidit
733 1046 822 1082 arcem.

152 1115 201 1164 Sed
210 1117 255 1165 tibi
266 1117 309 1180 qui
318 1133 418 1169 numum
428 1121 505 1181 venti,
515 1137 569 1183 quae
582 1122 634 1170 fata
643 1120 750 1170 dedere?
808 1117 814 1128 '

151 1207 203 1255 Aut
210 1207 322 1269 quisnam
332 1209 445 1271 ignarum
456 1212 548 1260 nostris
559 1211 619 1260 dens
630 1211 724 1274 adpulit
734 1210 784 1259 oris
795 1213 804 1258 i

152 1289 222 1349 Quid
228 1311 288 1359 puer
298 1300 418 1356 Ascanius
427 1321 435 1363 ;
452 1309 593 1364 superatne,
605 1308 630 1350 et
640 1301 744 1350 vescitur
756 1303 834 1349 aura?

152 1387 233 1440 Quem
243 1387 288 1436 tibi
296 1389 349 1449 jam
359 1391 437 1451 Troja
449 1390 519 1420 “⁰

150 1476 322 1538 sequanum
333 1493 409 1541 puero
420 1487 458 1528 est
468 1478 564 1528 nmusae
575 1493 634 1530 crura
645 1477 769 1541 parentis3

149 1566 243 1628 Ecquid
255 1568 280 1616 in
292 1569 418 1631 antiquam
427 1569 543 1619 virtuem
554 1569 698 1632 animosque
713 1569 789 1620 virilis

149 1658 183 1705 Et
192 1665 260 1720 pater
270 1660 361 1708 AEneas
372 1668 397 1710 et
407 1662 541 1710 aumctnlus
552 1661 643 1710 excitat
655 1662 747 1710 Hector
758 1663 767 1708 ἓ

180 1749 252 1799 Talia
261 1751 530 1814 andetennam,
541 1753 678 1814 longosque
690 1751 768 1800 ciebat

150 1840 274 1889 Incassum
285 1840 372 1890 fletus:
390 1857 466 1903 quum
477 1857 530 1892 sese
540 1857 556 1891 a
566 1843 691 1892 moenibus
702 1842 775 1891 heros

152 1929 285 1980 Priamides
296 1931 381 1980 multis
393 1933 503 1982 Helenus
515 1933 688 1983 comitantibus
699 1931 789 1990 adfert,

150 2019 330 2082 Adgnoscitque
341 2029 410 2081 suos,
421 2022 540 2084 lenisque
550 2022 582 2070 ad
593 2021 679 2070 limine
689 2020 766 2080 ducit,
786 2013 789 2018 ’

150 2109 183 2157 Et
194 2110 299 2158 multum
310 2111 422 2165 lacrimas
433 2113 508 2160 verba
517 2113 583 2161 inter
594 2112 689 2172 ringula
700 2110 788 2160 fundit.

151 2198 270 2259 Prooedo,
281 2205 307 2247 et
317 2213 416 2262 parvam
426 2201 538 2260 ltojam,
547 2181 709 2260 simulataque
720 2197 815 2259 magnis

106 2305 111 2314 ·
150 2288 276 2350 Pergama,
288 2296 314 2338 et
324 2295 435 2337 arentem
446 2287 540 2336 Xandni
550 2286 697 2348 cognomine
709 2285 788 2335 rivum
807 2295 809 2298 ·

149 2378 290 2440 anganseo,
302 2379 424 2440 Scaeaeque
434 2378 568 2440 amplector
579 2375 667 2424 limine
676 2383 761 2438 portae.

150 2468 202 2516 Nec
212 2481 264 2517 uon
274 2475 300 2517 et
310 2467 400 2516 Teucri
410 2467 478 2517 socia
487 2466 562 2516 simul
570 2467 631 2514 urbe
642 2467 766 2514 fruuntur.

148 2557 209 2605 lllos
219 2556 354 2620 porticibus
362 2571 407 2606 rex
417 2555 552 2618 adcipiebat
561 2555 588 2605 in
600 2553 696 2618 amplis.

150 2646 222 2694 Aulai
234 2645 260 2694 iu
272 2645 353 2694 medio
364 2646 474 2696 libabant
484 2643 680 2709 poeulnBacchi,

149 2733 264 2798 Inpositis
274 2748 334 2782 auro
345 2734 456 2798 dapibus,
468 2742 611 2798 paterasque
620 2734 744 2784 tenebant.

181 2825 286 2884 Jamque
296 2822 359 2885 dics,
370 2826 478 2887 alterque
489 2824 540 2872 dies
552 2821 684 2886 processit:
702 2830 727 2870 et
738 2835 804 2870 aurae

46 2927 50 2934 ·
138 2914 323 2976 'Velavocant3
340 2915 481 2977 tumidoque
492 2914 592 2963 inflatur
602 2913 716 2962 carbasus
726 2918 818 2960 eusuo.

151 3003 197 3053 His
208 3010 289 3053 vatem
300 3005 427 3066 adgredior
436 3005 519 3066 dictis,
529 3020 558 3054 ac
569 3004 628 3054 talia
639 3016 736 3066 quaeso:
799 3042 802 3046 .

150 3095 301 3156 Troiugena,
313 3094 434 3157 interpres
444 3095 537 3156 divom,
549 3095 592 3157 qui
600 3093 702 3142 numina
713 3090 810 3150 Phoebi,

150 3182 199 3237 Qui
210 3183 329 3246 tripodas,
342 3182 419 3233 Clarii
428 3183 522 3244 lauros,
533 3183 576 3246 qui
587 3183 667 3232 sidera
678 3179 764 3240 sentis,
