2334 3734
222 525 269 574 162
363 557 365 562 .
446 513 799 575 P.vluu1u11‘raoltortls

220 653 334 716 Armiger
345 652 513 714 Automedon,
524 666 574 700 una
584 653 761 718 omnio¹Scyrin
771 656 846 718 pubes

222 742 361 792 Succedunt
368 749 444 802 tecto,
455 749 480 790 et
490 741 604 791 flammas
613 741 646 790 ad
655 743 766 792 eulmina
772 746 873 806 iactant.

224 832 280 896 lpse
290 830 354 881 inter
365 831 458 895 primos
468 839 586 894 conrepta
596 831 659 881 rlrrra
668 831 767 896 bipenni
786 824 790 830 ’

222 922 320 972 Limina
329 923 473 986 perrumpit,
485 929 615 985 posteaque
624 938 641 971 u
649 923 748 973 cardine
758 924 828 973 vellit

221 1013 337 1075 AEratoe3
350 1014 450 1075 Jamque
460 1013 542 1062 excisa
554 1015 622 1064 trabe
632 1015 705 1063 firma
714 1015 808 1063 navavit

217 1099 331 1162 Robora,
341 1110 366 1152 et
377 1102 499 1164 lugentem
510 1105 561 1152 lato
572 1104 640 1153 dedit
650 1119 693 1155 ore
703 1106 843 1163 fenestram.

223 1192 332 1255 Adparet
342 1191 430 1240 domus
437 1192 516 1254 intua,
528 1202 555 1242 et
566 1193 630 1243 auia
639 1195 714 1255 longa
723 1203 864 1258 patencuutz

226 1269 351 1344 Adparent
361 1281 453 1331 Priami
463 1291 488 1331 et
497 1291 607 1332 veterum
618 1285 752 1347 penetrulia
768 1299 866 1348 regum:

226 1371 388 1432 Armatoeque
399 1370 483 1420 vident
493 1373 579 1422 nuntio
590 1374 616 1422 in
627 1374 811 1439 limine-primo.

260 1461 294 1508 At
304 1461 392 1511 domus
400 1461 503 1511 interior
513 1463 607 1524 gannitu
616 1464 755 1528 miseroque
765 1467 874 1516 tumultu

228 1552 361 1615 Miaeetru3
378 1554 523 1618 penitusque
536 1569 599 1614 carra
609 1555 766 1618 plangonlurn
775 1557 839 1606 aedoe

201 1639 205 1647 '
229 1646 350 1696 Femineiu
360 1647 474 1709 ululant,
491 1647 549 1696 ierit
558 1661 632 1696 aurea
643 1648 723 1697 sidera
731 1649 833 1698 clamor.

227 1737 293 1785 Tum
305 1735 397 1799 pavidae
406 1737 476 1785 tectis
487 1744 578 1790 matres
590 1737 729 1798 ingentibus
740 1748 834 1801 errant,

229 1825 403 1888 Amplexaeque
413 1832 498 1874 teneut
508 1833 600 1888 postea,
611 1834 684 1886 atque
695 1829 779 1878 oscula
789 1829 876 1890 figunt.

230 1914 309 1962 Instat
318 1912 342 1961 vi
351 1913 429 1976 patria
440 1915 564 1976 Pyrrhuu3
582 1929 627 1962 uae
637 1916 754 1977 claustra,
766 1930 846 1981 noque
856 1919 903 1984 ipsi

233 1999 353 2049 Custodes
365 2001 465 2050 sufferre
475 2003 564 2050 valent.
598 2004 676 2054 labat
687 2005 763 2055 ariete
771 2009 858 2058 erebro

230 2090 322 2149 lanua,
334 2097 360 2138 et
369 2089 445 2137 emoti
455 2093 619 2151 procumbunt
627 2095 726 2144 cardine
736 2103 827 2159 posteo.

233 2178 251 2227 F
252 2177 272 2226 it
282 2177 321 2226 ria
330 2178 355 2226 vi
365 2197 371 2227 z
388 2187 506 2242 rumpunt
516 2179 606 2242 aditus,
617 2183 758 2248 primosque
767 2187 890 2237 uuoidant

234 2265 332 2314 lnmiusi
343 2267 432 2326 Danai,
442 2275 469 2316 et
478 2269 528 2318 late
535 2270 593 2319 loca
601 2272 681 2322 milite
692 2277 815 2339 conplent.

238 2355 349 2416 Nouate,
361 2357 486 2417 aggeribus
497 2359 575 2422 ruptis
585 2373 661 2422 quum
672 2377 786 2425 spumeus
796 2366 879 2423 amnia

236 2443 315 2499 Exiit.
327 2446 496 2509 oppositaeque
504 2447 576 2498 evicit
586 2451 679 2512 gurgite
689 2453 779 2514 molen,

236 2534 324 2583 Fertur
335 2534 359 2582 in
373 2549 430 2584 arva
439 2539 525 2586 fruens
537 2542 648 2602 cumulo,
660 2556 807 2606 eampooque
817 2559 861 2608 per
869 2547 952 2596 omnin

238 2622 301 2670 Cum
312 2624 413 2672 stabulis
425 2634 536 2674 armenta
545 2628 630 2678 trahit.
662 2632 719 2680 Vidi
729 2633 781 2696 ipae
792 2635 914 2684 furentem

239 2710 311 2760 Cede
322 2713 520 2774 Neoptolemum,
532 2717 690 2781 geminosque
698 2720 725 2769 in
736 2721 821 2771 limine
831 2724 939 2774 Atridas.

238 2799 294 2855 Vidi
308 2802 444 2862 Hecubam,
453 2813 599 2868 centumque
609 2823 697 2869 numo,
710 2811 881 2876 Priamumque
891 2830 934 2879 per
945 2829 999 2866 arae

236 2889 361 2950 Sanguine
370 2891 511 2954 soedautem,
524 2911 584 2957 quos
595 2898 647 2960 ipae
657 2909 802 2963 oneraverat,
813 2904 885 2965 ignia.

240 2976 419 3040 Quinquaginta
429 2981 466 3029 illi
475 2983 587 3044 thalami,
598 2999 652 3047 spen
662 2995 731 3038 tauta
741 2999 867 3055 nepotum,

240 3065 371 3116 Barbarico
382 3077 463 3131 posteo
474 3074 677 3138 auroupoliioque
687 3081 795 3142 superbi,

242 3155 402 3206 procubuere.
433 3161 530 3210 Tenent
539 3165 628 3226 Danai,
640 3181 689 3228 qua
698 3169 779 3220 deficit
789 3172 860 3234 ignia.
