2334 3734
430 542 588 593 AENEIDOS
605 544 668 596 hia.
685 546 728 596 lv.
746 553 748 560 '
928 552 976 600 213

203 667 315 719 Dixerat.
348 670 393 719 Ille
404 671 474 721 doris
485 672 586 723 monitis
598 673 692 725 inmota
702 677 801 726 tenebat

172 759 286 818 Lumina,
297 766 323 808 et
332 760 438 810 obnixus
449 776 533 812 curam
544 765 590 813 sub
601 764 674 814 corde
685 768 819 828 premebat.

171 850 283 899 Tandem
293 863 370 913 pauca
380 852 467 900 refert:
485 853 538 914 Ego
548 860 583 915 te,
596 869 650 916 quae
661 855 768 918 plurima
779 857 853 906 fando

173 940 324 990 Enumerare
334 941 411 1003 vales,
423 956 567 1005 numquam,
579 944 680 1006 Regina,
692 947 784 1007 negabo

174 1030 351 1093 Promeritem3
370 1046 414 1080 nec
426 1047 465 1081 me
477 1033 618 1084 meminisse
629 1034 719 1098 pigebit
730 1035 834 1098 Elissre3

173 1121 238 1168 Dum
250 1134 346 1183 memor
356 1121 408 1184 ipse
421 1121 479 1183 mei,
491 1121 550 1172 dum
561 1123 661 1187 spiritus
673 1125 718 1173 hos
730 1125 792 1188 regit
802 1133 878 1176 artus.

174 1199 223 1258 P'ro
233 1223 261 1259 re
271 1223 348 1274 pauca
358 1211 453 1272 loquar.
486 1213 572 1274 Neque
581 1227 627 1274 ego
637 1214 700 1263 hanc
712 1215 860 1265 abscondere
871 1218 937 1266 furto

171 1300 326 1364 sperarius
338 1301 413 1363 finge,
425 1303 523 1364 fugam3
542 1317 587 1351 nec
598 1303 708 1366 coniugis
720 1319 836 1368 umquam

172 1391 293 1440 Praetendi
304 1391 390 1452 tardas,
402 1399 446 1440 aut
456 1392 510 1441 haec
521 1392 545 1440 iu
558 1392 651 1441 toedera
661 1393 725 1442 veni.

173 1481 216 1529 Me
227 1480 247 1529 si
259 1481 309 1530 iata
320 1481 381 1530 meis
392 1488 532 1545 paterentur
544 1480 632 1530 ducere
643 1481 717 1530 vitam

172 1569 303 1634 Auspiciis,
316 1578 341 1620 et
351 1580 437 1634 sponte
450 1585 505 1620 mea
515 1585 654 1636 conponere
667 1585 750 1622 curas:

171 1664 265 1713 Urbem
276 1665 410 1724 trojanam
420 1663 528 1726 primum
539 1663 664 1727 dulcisque
677 1678 788 1714 meorum
869 1725 875 1737 .

170 1753 293 1816 Reliquias
304 1755 427 1815 colerem
447 1753 538 1802 Priami
548 1761 613 1804 tecta
624 1755 674 1804 alta
685 1763 826 1818 manerent3

170 1845 204 1893 Et
216 1842 321 1894 recidiva
332 1858 408 1892 manu
418 1843 555 1907 posuissem
567 1845 685 1906 Pergama
694 1845 770 1896 victis.

173 1933 222 1983 Sed
233 1947 299 1982 nunc
312 1932 408 1982 ltaliam
420 1947 533 1996 magnam
545 1934 657 1998 Gryneus
668 1935 770 1998 Apollo,

175 2027 272 2075 italiam
283 2026 364 2089 Lyciae
372 2026 468 2087 jussere
478 2039 603 2089 capessere
615 2035 702 2076 sortes.

176 2115 223 2165 Hic
234 2131 315 2177 amor,
325 2117 378 2165 haec
389 2116 468 2185 patria
477 2123 523 2165 est.
556 2116 583 2164 Si
594 2123 618 2164 te
631 2115 784 2178 Carthaginis
796 2129 862 2166 arces

176 2205 342 2267 Phoenissam,
355 2204 497 2269 Libycaeque
507 2203 634 2267 adspectus
644 2205 737 2255 detinet
747 2205 829 2255 urbis:

176 2296 237 2348 Quae
248 2294 358 2355 tandem,
368 2293 480 2343 Ausonia
490 2295 600 2342 Teucros
608 2292 739 2343 'considere
749 2301 825 2358 terra,

175 2383 272 2432 Invidia
282 2386 335 2433 est?
372 2384 405 2431 Et
414 2385 460 2431 rios
472 2382 509 2431 fae
520 2389 607 2431 extera
617 2395 726 2443 quaerere
737 2397 820 2444 regna.

176 2475 219 2522 Me
229 2473 306 2538 patris
317 2472 442 2534 Anchisa,
454 2472 551 2534 quoties
561 2470 719 2521 humentibus
731 2471 825 2521 umbris

178 2564 236 2612 Nox
247 2562 327 2626 operit
336 2569 426 2621 terras,
438 2561 533 2624 quoties
545 2568 611 2610 astra
622 2559 693 2621 ignea
704 2567 816 2622 surgunt,

175 2652 301 2703 Admonet
311 2652 337 2700 in
348 2651 441 2701 somnis
453 2659 478 2700 et
487 2650 586 2700 turbida
596 2657 672 2700 terret
682 2650 771 2712 imago.

177 2745 221 2792 Me
231 2757 292 2806 puer
302 2742 434 2802 Ascanius,
446 2741 579 2804 capitisque
592 2740 682 2802 injuria
692 2739 753 2800 cari,

178 2834 258 2888 Quem
269 2847 344 2894 regno
357 2832 480 2895 Hesperia
492 2830 579 2880 fraudo
591 2837 616 2879 et
627 2830 741 2879 fatalibus
752 2829 824 2880 arvis,

177 2928 250 2975 Nunc
262 2922 337 2972 etiam
348 2923 470 2985 interpres
482 2920 574 2981 divom,
586 2921 649 2969 Jove
660 2918 749 2966 missus
760 2919 791 2966 ab
802 2918 866 2980 ipso,

181 3016 281 3079 (Testor
293 3020 425 3073 utrumque
435 3009 517 3074 caput)
532 3007 619 3060 celeris
631 3005 745 3056 mandata
754 3021 797 3068 per
806 3019 877 3054 auras
950 3063 952 3071 s

177 3103 281 3153 Detrlit.
314 3105 369 3167 Ipse
379 3101 453 3151 deum
464 3100 594 3150 manifesto
605 3098 632 3148 in
641 3096 736 3146 iumine
746 3095 795 3144 vidi

181 3194 426 3254 innantem-muros,
437 3197 568 3254 vocemque
576 3189 615 3240 his
627 3187 725 3239 auribus
736 3184 816 3236 heusi.
