2334 3734
406 521 563 573 AENEIDOS
580 524 643 573 ΗΒ.
659 525 691 572 Χ.
904 526 950 575 381

157 650 220 697 'lum
233 650 304 697 Peter
314 648 478 713 omnipotens,
490 664 572 701 rerum
583 650 624 699 cui
635 664 730 701 summ
740 659 856 715 pemeus,

158 737 222 785 infit.
256 739 293 786 Eo
300 737 394 787 dicente
404 737 476 787 deum
489 738 575 789 domus
587 740 636 787 ulta
647 739 753 801 silescit3

156 828 188 875 Et
198 826 338 875 tremefacta
349 828 403 877 solo
413 828 503 889 tellus;
521 828 578 877 silet
588 827 678 878 arduus
688 829 779 891 tetherq

154 916 219 963 Tum
231 914 332 978 Zephyri
344 929 445 977 posuere
456 936 463 977 ;
481 916 569 978 premit
579 916 673 979 placida
683 931 780 979 equore
789 926 887 981 pontus.

155 1003 267 1065 Adcipite
278 1012 346 1065 ergo,
358 1004 445 1053 animis
457 1012 529 1066 atque
539 1005 592 1053 haec
604 1005 734 1066 incongrue
745 1006 816 1056 dicta.

157 1095 359 1158 Quandoquidem
371 1096 494 1145 Ausonios
504 1096 621 1157 conjungi
630 1097 722 1146 foedere
732 1097 833 1147 Teucris

158 1183 229 1232 Haud
240 1184 350 1246 licitum;
368 1198 412 1233 nec
424 1168 503 1233 nesam
514 1184 578 1246 cepit
589 1184 710 1233 discordia
719 1186 807 1233 finem:

156 1273 216 1325 Qua
227 1272 314 1333 cuique
325 1280 363 1321 cst
373 1272 472 1321 iomuna
483 1272 565 1333 hodie,
575 1286 648 1334 quem
659 1272 760 1335 quisque
770 1281 836 1322 secat
847 1288 926 1336 spem,

155 1361 218 1409 'lios
231 1362 363 1409 Rundusve
375 1361 436 1420 fuat,
448 1360 517 1409 nullo
528 1360 670 1410 discrimine
680 1362 790 1410 habebo:

156 1448 204 1498 Seu
215 1448 271 1497 fetis
281 1450 369 1497 italum
381 1456 460 1497 castra
471 1448 597 1498 obsidione
607 1452 743 1510 tenentur,'

151 1536 206 1586 Sive
217 1550 299 1585 errore
307 1537 372 1587 malo
383 1539 465 1599 Trojae
477 1537 623 1599 monitisque
633 1537 746 1587 alumnis.

156 1627 208 1674 Nec
220 1627 323 1675 Rutulos
331 1627 408 1676 solvo.
441 1627 491 1675 Sue
501 1627 587 1688 cuique
599 1640 687 1675 exorsa
698 1628 807 1675 laborem

157 1714 337 1776 Fortunamque
348 1714 434 1763 ferent.
464 1716 516 1763 Rex
527 1714 639 1778 luppiter
651 1714 764 1763 omnibus
775 1714 848 1764 idem.

156 1803 215 1852 Fata
225 1803 288 1853 viam
300 1803 429 1853 invenient.
463 1804 538 1869 Stygii
549 1818 593 1867 per
604 1803 705 1853 flumina
716 1803 809 1863 fratris,

157 1893 203 1941 Per
214 1892 266 1954 pice
277 1893 391 1942 torrentis
402 1902 501 1956 atraque
512 1893 626 1955 voragine
637 1893 701 1955 ripas

156 1980 259 2043 Adnuit,
272 1990 296 2031 et
307 1990 385 2031 totum
394 1992 455 2032 nutu
466 1984 599 2033 tremefecit
610 1984 750 2047 Olympum.

156 2069 202 2118 Hic
214 2070 269 2119 finis
281 2070 355 2119 fandi.
391 2071 459 2119 Solio
469 2079 522 2119 tum
533 2074 547 2120 J
550 2072 645 2134 uppiter
656 2085 729 2119 nureo

159 2158 250 2218 Surgit,
263 2156 378 2205 coelicolae
389 2156 495 2204 medinm
506 2170 577 2217 quern
588 2157 620 2205 ed
630 2156 716 2204 limina
726 2156 826 2205 ducunt.

190 2246 285 2294 interea
297 2244 381 2293 Rutuli
392 2244 469 2305 portis
480 2243 572 2292 circum
586 2243 699 2291 omnibus
711 2243 803 2291 instant

158 2335 273 2384 Sternere
283 2332 346 2382 crede
358 2332 432 2391 viros,
441 2340 465 2379 et
473 2332 563 2381 moenia
573 2332 670 2392 cingere
681 2331 793 2380 dammis.

157 2424 191 2471 At
204 2421 265 2483 legio
277 2420 413 2469 AEneadum
425 2420 493 2469 vallis
502 2421 601 2469 obsessa
607 2428 703 2469 tenetur
713 2440 721 2481 ;

159 2512 210 2559 Nec
221 2524 275 2573 spes
285 2511 337 2559 ulla
349 2510 419 2571 fugae.
453 2508 539 2558 Miseri
550 2514 615 2557 stant
625 2506 733 2555 arrribus
743 2506 800 2555 ultis

159 2587 341 2661 Nequidquam,'
348 2607 374 2648 et
383 2612 438 2647 rara
449 2611 532 2646 muros
542 2596 641 2645 cinxere
651 2609 755 2644 corona:

158 2686 231 2735 Asius
244 2686 398 2747 Imbrasides,
412 2685 616 2747 Hicetaoniusque
627 2684 777 2747 lnymoetee,

158 2775 317 2836 Assaracique
327 2776 385 2835 duo,
397 2784 421 2825 et
432 2776 513 2823 senior
523 2788 578 2823 curn
591 2776 691 2823 Castore
702 2772 842 2835 Thymbria,

161 2862 242 2911 Prima
252 2863 323 2912 acies.
358 2866 409 2912 Hos
421 2864 528 2925 germani
541 2861 687 2925 Sarpedonis
697 2862 779 2920 ambo,

159 2956 191 3002 Et
202 2954 288 3004 Clarus
299 2961 324 3002 et
334 2954 455 3015 Themon‚
468 2955 540 3018 Lycia
550 2953 697 3002 comitantur
707 2952 738 2998 ab
748 2951 805 2998 ulta.

160 3044 216 3092 Fert
226 3043 310 3105 ingens
320 3049 372 3093 toto
384 3042 502 3093 connixus
514 3044 615 3105 corpore
627 3053 724 3099 saxum,

160 3131 231 3181 Haud
243 3138 335 3195 partem
347 3129 458 3193 oximum
471 3130 571 3192 montis,
582 3128 724 3193 byrneesius
735 3129 841 3188 Acmon,
