2334 3734
381 543 537 593 munroos
555 545 617 595 uro.
633 546 691 595 xn.
884 538 931 599 449

151 670 200 717 Aut
209 676 237 717 tu
248 670 313 719 bella
323 670 369 731 cie,
381 681 571 734 conceptumque
582 680 669 721 excute
680 673 767 724 foedus.

47 748 48 751 Ἴ
148 761 241 807 Auctor
253 774 297 819 ego
309 759 420 808 audendi.
454 760 494 809 Sic
505 762 634 810 exhortata
644 760 744 825 'reliquit

150 848 280 908 Incertam,
292 855 317 896 et
327 848 391 897 tristi
402 850 523 899 turliatam
533 852 632 899 volnere
644 853 744 903 mentis.

182 938 276 984 interea
287 950 364 997 reges,
376 936 467 997 ingenti
479 939 544 986 mole
555 937 654 988 Latinus

152 1024 300 1085 Quadrijugo
308 1024 404 1073 vehitur
416 1039 499 1085 curru,
512 1026 551 1074 cui
561 1034 672 1089 tempora
681 1028 772 1078 circum

151 1112 236 1161 Aurati
248 1112 285 1161 bis
297 1128 340 1162 sex
352 1112 412 1161 radii
424 1098 541 1173 fulgentia
550 1114 662 1175 cingunt,

153 1201 217 1249 sons
230 1200 267 1249 an
280 1202 418 1263 specimen:
436 1201 497 1263 bigis
509 1202 528 1250 n
539 1201 674 1251 mmusn
687 1204 758 1265 uun,
797 1190 799 1194 ’

152 1289 216 1337 Bina
225 1303 300 1338 manu
308 1289 358 1338 lato
369 1289 477 1352 crispans
486 1290 584 1339 hastilia
594 1292 667 1340 ferro.
686 1334 689 1341 .

153 1376 216 1425 Hinc
225 1384 292 1439 pater
303 1378 404 1437 AEneas,
416 1380 531 1427 Romauae
543 1378 625 1441 stirpis
637 1379 716 1440 origo,
791 1433 796 1437 g
865 1420 868 1425 .

152 1465 250 1514 Sidereo
261 1467 364 1528 flagrans
375 1468 452 1530 clipeo
464 1477 488 1517 ct
498 1469 636 1518 coelestibus
648 1470 732 1531 armis,

152 1554 184 1601 Et
192 1556 264 1613 juxta
274 1548 507 1619 Ascaniue'magnae
519 1572 572 1620 spes
584 1560 662 1607 altera
673 1561 768 1619 Romae,
789 1558 792 1561 ’

153 1642 392 1705 Proceduutcastris,
404 1660 510 1707 puraque
522 1647 547 1693 iu
560 1653 624 1695 veste
636 1644 747 1695 sacerdos

117 1776 120 1781 .
151 1730 259 1791 Saetigeri
271 1731 347 1781 fetum
360 1733 420 1792 suis,
432 1732 601 1796 intonsamque
611 1735 744 1795 bidentem,

150 1819 256 1884 Adtulit,
267 1818 419 1882 admovitque
430 1836 501 1884 pecus
509 1803 669 1884 'flagrantibus
681 1823 739 1871 aris.

152 1907 192 1955 Illi
203 1907 234 1955 ad
244 1915 381 1969 surgentem
392 1910 502 1958 conversi
513 1910 608 1959 lumina
617 1912 695 1959 solem

151 1998 216 2045 Dant
228 1997 308 2058 fruges
319 1998 430 2051 manibus
443 2000 528 2059 salsas,
540 2007 565 2048 et
574 1982 685 2063 tempora
696 2001 761 2049 ferro

150 2086 252 2134 Summa
264 2072 350 2143 notant
360 2085 488 2147 pecudum,
497 2086 633 2147 paterisque
643 2087 729 2135 altaria
738 2088 824 2136 libant.

149 2176 215 2222 Tum
225 2173 280 2235 pius
291 2172 380 2221 AEneas
392 2172 475 2221 stricto
487 2173 521 2220 sic
532 2186 589 2221 ense
599 2181 723 2235 preoetur:

151 2263 211 2309 Esto
223 2275 287 2310 nuuc
300 2262 343 2309 Sol
354 2259 422 2309 testis
431 2267 455 2307 et
465 2260 517 2308 haec
528 2259 589 2307 mihi
599 2261 677 2307 'Perta
687 2260 792 2320 vocanti,

152 2353 232 2404 Quam
243 2352 341 2411 propter
352 2355 432 2397 tantos
443 2347 510 2410 potui
522 2346 630 2408 perferre
642 2347 747 2406 labores,
816 2404 819 2411 Ι

127 2462 131 2467 -
151 2439 184 2487 Et
194 2444 261 2500 pater
272 2437 437 2499 omnipotens,
449 2443 474 2483 et
484 2442 510 2483 tu
522 2434 723 2494 summatum,

151 2528 166 2576 J
169 2540 208 2574 am
220 2525 317 2586 melior,
325 2527 388 2585 jam,
400 2523 464 2583 diva,
476 2536 571 2585 precor,
582 2529 658 2582 tuque
669 2522 760 2570 inclute
771 2523 879 2584 Mavors,

154 2616 247 2663 Cuncta
257 2623 299 2663 tuo
312 2613 352 2677 qui
363 2614 437 2674 bella,
449 2620 526 2675 pater,
537 2614 582 2660 sub
594 2610 694 2659 numine
701 2619 817 2672 torques;
877 2673 879 2678 Ι

153 2703 293 2765 Fontisque,
305 2703 450 2764 Fluviosque
461 2716 532 2762 voco,
543 2713 644 2763 quaeque
654 2699 763 2748 AEtheris
774 2700 818 2748 alti

154 2790 258 2852 Religio,
269 2800 294 2840 et
305 2806 357 2853 quae
369 2791 473 2840 caeruleo
485 2796 543 2838 sunt
554 2787 656 2836 numina
666 2794 751 2849 ponto.

156 2877 262 2926 Cesserit
273 2878 382 2927 Ausonio
393 2879 414 2926 si
425 2879 476 2927 sors
486 2876 587 2926 victoria
597 2877 698 2923 'lirrnoz

156 2966 285 3026 Convenit,
297 2966 403 3015 Evandri
413 2966 488 3015 victos
500 2966 623 3015 discedere
633 2964 664 3012 ad
674 2964 775 3023 urbem,

156 3053 232 3103 Cedet
242 3054 309 3102 lulus
321 3052 384 3115 agris
394 3074 402 3115 ;
420 3067 464 3101 nec
475 3062 529 3116 post
540 3065 609 3101 arma
618 3051 670 3099 ulla
679 3050 781 3098 rebelles

156 3141 270 3191 AEneadae
281 3142 396 3202 referent,
408 3140 501 3189 ferrove
512 3141 563 3187 haec
575 3152 649 3200 regna
659 3139 787 3186 lacessent.

514 3228 529 3273 2
546 3240 564 3273 o
