2334 3734
209 511 255 569 192
428 512 455 560 P.
472 511 611 563 VIRGILII
627 509 781 560 MARONIS

204 643 267 691 Ecce
277 641 323 691 tibi
333 641 449 691 Ausoniae
461 642 547 691 tellus:
565 641 629 690 hanc
636 640 720 704 adripe
731 639 799 690 velis.

206 734 239 781 Et
250 740 332 781 tamen
343 732 407 781 hanc
418 733 503 795 pelago
514 731 685 794 preterlabare
697 738 861 792 necesseest3

204 820 321 870 Ausoniae
331 835 388 884 pars
399 821 443 870 illa
454 820 549 882 procul,
562 833 636 881 quam
649 818 735 882 pandit
746 818 844 881 Apollo.

206 911 283 973 Vade,
296 911 340 971 ait,
351 925 368 959 o
379 910 440 959 felix
451 909 503 958 nati
513 909 617 972 pietate!
636 908 695 970 quid
706 909 772 958 ultra

204 1001 339 1062 Provehor,
350 1008 375 1049 ct
386 999 459 1050 tando
470 998 593 1061 surgentis
604 999 718 1048 demoror
729 1004 826 1047 austros
837 999 847 1045 ἓ

206 1094 258 1141 Nec
270 1089 543 1150 minnsAndromache,
555 1089 664 1151 digressu
676 1098 760 1138 masta
770 1103 895 1152 supremo,

207 1182 265 1230 Fert
273 1181 405 1244 picturatas
417 1179 471 1228 auri
483 1178 620 1228 subtemine
632 1178 716 1238 vestis,

207 1272 241 1321 Et
252 1271 381 1335 Phrygiam
391 1270 499 1321 Ascanio
510 1269 662 1333 chlamydem
672 1289 680 1331 ;
699 1283 743 1318 nec
753 1267 818 1318 cedit
827 1266 916 1318 honori
925 1287 933 1329 ;

207 1361 394 1423 Textilibusque
405 1369 492 1412 onerat
503 1360 585 1420 donis,
596 1373 624 1409 sc
635 1359 694 1408 talia
705 1359 782 1408 satur:

206 1444 299 1508 Adcipe
310 1445 406 1505 ethaeo,
418 1459 535 1494 mannum
548 1443 593 1493 tibi
605 1458 658 1505 qua
670 1448 829 1494 monumenta
841 1453 950 1490 mearum

208 1534 273 1594 Sint,
285 1549 357 1598 puer,
366 1543 391 1584 et
401 1534 502 1596 longum
513 1532 692 1582 Andromacha
703 1539 823 1583 testentur
833 1544 953 1591 amorem,

210 1623 326 1686 ConJugis
339 1626 473 1674 necarere.
507 1625 572 1687 Cape
583 1623 647 1672 dona
658 1631 768 1672 extrema
778 1629 889 1681 tuorum,

209 1713 232 1763 0
244 1714 305 1762 mibi
316 1715 370 1762 sola
381 1713 429 1762 mei
441 1727 514 1776 super
524 1711 678 1776 Astyanactis
689 1711 777 1773 imago.

209 1803 249 1852 Sic
260 1804 355 1863 oculos,
366 1802 400 1851 sic
412 1803 455 1851 ille
467 1815 564 1861 manus,
576 1801 611 1850 sic
623 1815 666 1850 ora
677 1802 788 1863 ferebat3

206 1894 239 1942 Et
250 1907 315 1941 nunc
325 1891 411 1953 equali
422 1899 504 1939 tecum
514 1892 656 1954 pubesceret
667 1905 727 1940 aevo.

207 1984 259 2030 Hos
271 1995 316 2042 ego
326 1980 463 2041 digrediens
474 1979 583 2029 lacrimis
594 1978 692 2028 adfabar
704 1980 811 2030 obortis:

206 2071 286 2120 Vrrite
298 2071 391 2131 felices,
403 2070 491 2132 quibus
502 2078 540 2119 est
551 2072 651 2119 fortuna
662 2079 759 2134 peracta

205 2164 263 2211 Jam
274 2175 331 2210 sua:
349 2175 395 2210 nos
405 2160 454 2209 alia
464 2175 494 2210 ex
506 2160 560 2210 aliis
572 2160 599 2208 in
610 2160 660 2210 iata
670 2171 793 2210 vocamur.

206 2249 282 2300 Vobis
292 2258 362 2314 parta
373 2251 442 2313 quies
451 2271 459 2313 3
477 2251 574 2300 nullum
584 2251 660 2300 maris
668 2266 751 2313 aequor
761 2251 877 2306 arandum
886 2273 894 2313 ς

207 2342 275 2390 Arva
285 2355 364 2403 neque
375 2340 502 2402 Ausonia,
513 2355 610 2404 semper
619 2339 730 2390 cedentia
740 2349 817 2401 retro,

206 2431 351 2486 Quaerenda.
377 2431 494 2493 „Effigiem
505 2431 599 2480 Xanthi
610 2433 757 2492 Trojamqne
768 2429 865 2492 videtis,

205 2522 286 2576 Quam
297 2529 383 2570 vestra
394 2522 472 2570 fecere
483 2535 570 2570 manns
581 2541 590 2583 ς
608 2520 761 2580 melioribus,
774 2529 843 2586 opto,

206 2609 340 2671 Auspiciis,
352 2617 376 2657 et
387 2623 441 2670 quse
452 2609 526 2658 inerit
536 2610 618 2658 minus
631 2609 702 2658 obvia
713 2610 802 2660 Graiis.

206 2697 233 2747 Si
246 2697 342 2760 qnando
354 2696 484 2759 Thybrim,
494 2697 620 2760 vicinaque
630 2699 761 2762 Tirybridis
772 2715 840 2762 arva,

207 2788 315 2848 intraro,
327 2785 441 2848 gentique
452 2800 511 2835 mea
523 2785 578 2835 data
589 2788 681 2838 moenia
688 2803 786 2838 cernam
798 2810 804 2838 ι

207 2876 329 2938 Cognatas
340 2876 409 2925 urbis
420 2876 491 2938 olim,
503 2879 653 2941 populosque
665 2879 825 2944 propinquos,

195 2967 292 3031 'Epiro,
306 2967 433 3031 Hesperia,
449 2967 546 3030 (quibus
557 2967 621 3018 idem
634 2969 761 3019 Dardanus
772 2978 867 3032 auctor,

204 3060 286 3121 Atque
297 3057 362 3107 idem
373 3055 454 3120 casus)
470 3072 543 3107 unam
557 3058 673 3108 iaciemus
684 3067 812 3123 utramque
899 3093 901 3100 ·

205 3147 307 3197 ‘luciam
318 3146 415 3198 animis.
449 3148 549 3196 Maneat
560 3155 658 3198 nostros
670 3163 700 3198 ca
711 3163 769 3202 cura
781 3157 888 3214 nepotes.
