2334 3734
380 527 537 577 AENEIDOS
554 528 617 575 LIB.
629 529 673 575 Xl.
895 528 940 573 411

155 656 232 713 Tene,
244 653 333 717 iuquit,
344 652 480 703 miserande
491 668 561 716 puer,
572 668 627 702 cum
639 656 695 703 loeta
703 652 806 713 veniret,

158 743 247 793 Invidit
258 744 365 791 Fortuna
376 742 447 802 mihi,
459 757 490 791 ne
502 756 576 803 regne
586 742 680 791 videres

157 835 257 891 Nostra,
269 846 346 893 neque
356 832 387 879 ad
398 831 465 879 sodes
475 832 551 879 victor
562 832 676 880 veherere
686 837 796 893 paternas
806 832 816 877 ?

141 962 145 973 s
156 924 213 971 Non
224 923 275 970 hacc
287 922 399 970 Evandro
405 921 437 970 'de
449 930 473 970 te
485 922 604 983 promissa
613 920 707 983 parenti

152 1010 284 1059 Discedens
295 1010 406 1059 dederam
419 1032 424 1059 ι
442 1025 497 1057 curn
509 1024 548 1057 me
558 1010 691 1071 conplexus
700 1016 798 1056 euntem

155 1098 266 1147 Mitteret
276 1098 301 1147 in
314 1112 429 1159 magnum
437 1098 575 1160 imperium,
587 1104 744 1156 metnensque
756 1086 866 1142 moneret

154 1188 225 1237 Acris
236 1202 288 1237 csse
298 1188 372 1247 viros,
383 1202 439 1235 cum
449 1186 510 1235 dura
520 1186 607 1248 proelia
616 1192 694 1245 gente.

154 1278 187 1326 Et
197 1292 261 1325 nunc
272 1278 315 1325 ille
324 1276 421 1337 quidem
433 1290 475 1338 spe
487 1276 592 1323 multum
602 1280 685 1334 captus
692 1270 759 1319 inani

107 1394 113 1404 ι
153 1366 214 1414 Fors
227 1373 252 1414 'et
262 1372 318 1414 vota
328 1366 395 1423 fecit,
407 1364 561 1423 cumulatque
573 1360 659 1409 altaria
669 1358 748 1408 donis.

155 1456 207 1503 Nos
213 1456 328 1515 juvenem
339 1452 490 1511 exanimum,
503 1457 529 1499 et
538 1449 573 1498 nil
582 1451 635 1509 jam
646 1445 784 1495 coelastibus
794 1442 852 1492 ullis

153 1542 299 1601 Debentem,
310 1555 372 1590 vano
384 1541 460 1589 maesti
469 1539 614 1587 comitamur
624 1537 726 1586 bonore.

154 1631 255 1691 Infelix,
267 1614 403 1680 natifunus
415 1630 513 1679 crudele
525 1628 634 1679 videbis!

155 1718 189 1767 Hi
201 1718 278 1768 nostri
291 1718 394 1781 reditus,
404 1711 580 1773 exspectatique
592 1705 726 1769 triumphi?

149 1808 207 1853 Haec
219 1820 272 1849 moa
284 1798 460 1862 magna'fides?
480 1800 584 1855 Aenon,
596 1796 717 1855 Euandre,
728 1794 845 1857 pudendus
953 1808 957 1816 ·

150 1890 297 1940 Vulneribus
308 1891 405 1952 pulsum
417 1886 534 1949 adspicies
546 1906 551 1934 :
570 1900 615 1933 nec
627 1884 717 1946 sospite
727 1882 810 1931 hrum

152 1982 253 2045 Optabis
264 1988 321 2029 nato
329 1979 402 2028 funus
413 1984 489 2041 pater.
523 1975 570 2023 Hei
582 1972 653 2034 mihi,
665 1964 782 2035 quantum

152 2071 296 2121 Presidium
307 2069 426 2127 Ausonia,
438 2075 463 2115 et
474 2074 591 2127 quantum
601 2073 628 2112 tu
637 2063 728 2125 perdis,
740 2062 808 2110 lule!

189 2162 247 2209 Hac
259 2158 300 2206 ubi
313 2156 420 2215 defleuit,
431 2154 486 2204 tolli
496 2153 634 2202 miserabile
646 2164 734 2213 corpus

153 2252 269 2311 Imperat,
281 2254 305 2294 et
316 2253 368 2293 toto
380 2246 455 2291 lectos
467 2256 497 2289 ex
509 2242 604 2302 agmine
615 2239 691 2288 mittit

151 2337 223 2387 Mille
234 2336 310 2394 viros,
321 2334 362 2396 qui
374 2346 512 2393 supremum
523 2332 670 2379 comitentur
680 2330 810 2383 honorem,

151 2426 314 2487 Intersintque
325 2422 401 2485 patris
412 2418 518 2468 lacrimis
529 2437 536 2479 ;
556 2417 643 2467 solatia
652 2418 731 2463 luctus

65 2520 67 2525 ’
150 2514 244 2576 Exigua
256 2510 371 2573 ingentis,
384 2509 474 2557 misero
485 2506 526 2555 scd
537 2504 619 2553 debita
629 2504 699 2565 patri.

151 2601 222 2651 Haud
234 2598 370 2661 segnesalii
382 2596 456 2647 cratis
467 2603 492 2643 et
503 2593 577 2641 molle
589 2592 706 2639 feretrum

146 2690 258 2741 Vrbtueis
269 2698 356 2739 texunt
366 2688 438 2749 virgis
450 2693 475 2733 et
486 2684 576 2732 vimine
587 2693 692 2743 querno,

151 2758 341 2839 Exstructosque
350 2786 417 2825 toros
430 2777 530 2824 obtentu
542 2770 635 2819 frondis
646 2765 795 2815 inumbrant.

149 2868 195 2917 Hic
204 2863 315 2929 Juvenem'
326 2865 413 2926 agresti
424 2863 553 2913 sublimem
562 2858 678 2909 stramine
689 2859 799 2917 ponunt:

149 2960 251 3013 Qualem
261 2956 369 3017 virgineo
380 2954 515 3001 demessum
524 2948 613 3012 pollice
624 2946 721 3001 florem,

149 3049 197 3097 Seu
209 3044 290 3094 mollis
301 3042 380 3100 violae,
393 3053 436 3087 seu
446 3036 582 3099 languentis
592 3029 716 3096 hyacinthi
727 3048 736 3089 3

149 3136 195 3187 Cui
207 3149 284 3197 neque
296 3133 376 3192 fulgor
387 3128 475 3187 adhuc,
486 3125 599 3173 necdum
610 3135 654 3169 sua
665 3111 867 3172 formarecessit3
