2334 3734
422 538 580 590 AENEIDOS
599 541 661 592 bili.
679 539 720 590 lV.
925 538 973 588 203

168 666 233 718 iiius
245 666 340 719 deserta
350 665 391 719 siti
401 667 479 732 regio,
490 670 588 734 lateque
599 669 709 720 furentes

166 756 268 808 Bncaei.
302 757 366 813 Quid
378 759 443 810 bella
452 761 519 824 'i'yro
531 759 655 822 surgentia
663 760 752 820 dicam,

99 919 103 924 .
168 845 332 911 Germanique
342 846 441 898 mium

166 935 211 986 Dis
223 937 335 1000 equidem
346 937 484 1002 auspicibus
495 952 551 988 reor
562 946 588 989 et
599 939 699 991 Junoue
711 938 816 990 soeuuda

167 1026 240 1076 Hunc
251 1041 351 1077 cursum
362 1028 448 1078 iliacas
459 1037 532 1078 ventu
543 1028 652 1080 tenuisse
662 1029 765 1080 ruinas.

167 1117 247 1172 Qum
259 1123 286 1166 tu
297 1118 394 1179 urbem
406 1131 489 1179 soror,
499 1118 563 1169 banc
573 1123 675 1169 cernes!
694 1133 748 1183 quaa
761 1131 860 1180 surgere
872 1131 946 1180 regna

166 1206 287 1269 Coniugio
299 1207 342 1256 tali
354 1210 360 1256 i
378 1209 502 1258 Teucrum
513 1208 687 1259 comitantibus
700 1208 786 1269 umis,

166 1297 259 1348 Punica
269 1311 296 1348 sc
306 1297 403 1361 quantis
414 1299 517 1348 adtullct
528 1299 607 1361 gloria
618 1299 690 1348 rebus
701 1301 707 1347 i

166 1389 206 1437 Tu
216 1387 290 1438 modo
302 1403 375 1452 posce
386 1388 445 1439 daos
456 1387 563 1449 veniam,
574 1387 697 1450 sacrisque
707 1385 783 1436 litatis

165 1477 268 1540 indulge
279 1479 397 1543 hospitio,
409 1491 554 1540 caussasque
566 1477 662 1527 innecte
672 1476 800 1526 morandi:

166 1569 231 1618 Dum
243 1569 329 1632 pelago
340 1566 440 1618 desevit
450 1566 541 1627 hiems,
553 1574 578 1616 et
589 1579 694 1628 munaus
706 1563 797 1625 Orion,

166 1657 338 1720 Qrtassataeque
348 1665 424 1717 rates,
436 1656 495 1705 dnm
507 1669 558 1704 uon
570 1654 696 1704 tractabile
709 1654 808 1704 coeluur.

165 1746 211 1797 iiis
224 1747 294 1798 dictis
305 1747 432 1798 incensum
443 1745 554 1796 animum
565 1743 727 1796 inflammavit
738 1756 832 1804 amore,

164 1837 285 1901 Spemque
296 1835 362 1886 dedit
373 1835 452 1886 dubia
464 1835 552 1897 menti,
561 1834 683 1898 solvitque
694 1833 822 1898 pudorem.

197 1927 320 1992 Principio
332 1927 433 1978 delubra
445 1926 546 1986 adeunt,
558 1939 690 1992 pacemque
702 1939 745 1989 per
757 1937 811 1976 aras

162 2017 320 2082 Exquirnut5
337 2024 445 2068 mactant
456 2018 532 2068 lectas
543 2015 574 2066 de
586 2028 655 2066 more
666 2013 772 2065 bidentis

163 2107 280 2169 negiterae
293 2107 388 2168 Cereri,
402 2107 553 2169 Phoeboque,
565 2105 677 2169 patrique
686 2106 774 2168 Lyae03

163 2194 179 2248 J
182 2198 257 2248 nunni
268 2204 324 2248 aute
335 2197 429 2258 omns,
441 2196 482 2246 cul
492 2195 573 2245 vincla
580 2195 674 2257 jugalia
684 2208 758 2243 curae.

161 2291 231 2354 ipsa,
242 2298 328 2340 oenens
340 2290 427 2340 dextra
436 2295 555 2352 pateram,
566 2285 714 2350 pulcerrima
725 2285 800 2347 Dido,

165 2378 298 2430 Candentis
309 2393 387 2430 vacca
399 2377 480 2428 media
491 2376 557 2426 inter
568 2389 661 2425 cornua
673 2373 767 2425 fundit:

162 2470 214 2519 Aut
222 2478 280 2519 aute
289 2483 335 2519 ora
345 2469 419 2519 derum
429 2466 526 2532 pinguis
538 2465 656 2530 spatiatur
668 2465 700 2514 ad
710 2478 776 2526 aras,

164 2559 334 2622 instauratque
344 2557 410 2607 diem
421 2556 504 2617 donia,
516 2555 685 2620 pecudumque
698 2554 800 2606 reclusis

163 2647 306 2699 Pectoribus
319 2647 417 2698 inhians
429 2645 548 2711 spirantia
558 2644 666 2697 consulit
678 2651 743 2694 exta.

165 2726 221 2788 ileu
230 2746 314 2788 ramur
326 2737 416 2801 ignaru
427 2744 521 2788 ruentes
533 2739 539 2785 i
558 2734 617 2798 quid
627 2743 684 2786 vota
695 2731 829 2794 furentem,

98 2883 104 2890 ,
163 2826 229 2883 Quid
239 2828 342 2878 delubra
349 2829 455 2889 lauant?
475 2829 521 2876 Est
531 2825 615 2874 mollis
627 2824 726 2874 damma
738 2823 857 2874 medulae

160 2918 267 2980 interea,
278 2925 304 2967 et
314 2916 417 2968 tacitum
427 2916 487 2966 vluit
497 2918 545 2975 sub
554 2923 652 2980 pectore
663 2915 761 2964 volnus.

161 3005 250 3058 Uritur
262 3005 348 3056 infelix
362 3005 437 3066 Dido,
448 3013 548 3068 nataque
558 3011 660 3067 vagatur

162 3097 231 3148 Urbe
243 3096 343 3147 iuncus.
361 3095 442 3160 qualis
453 3097 565 3157 conjecta
574 3107 645 3144 cerva
657 3092 753 3155 sagitta,

162 3187 243 3242 Quam
254 3185 341 3250 procul
352 3183 476 3236 incautam
488 3197 589 3234 nemora
600 3183 664 3234 inter
677 3180 762 3232 Cresia
773 3179 828 3230 lixit
