2334 3734
411 512 568 570 AENEIDOS
586 518 648 570 nin.
665 515 710 569 XI,
913 522 962 570 439

142 654 144 657 ’
165 648 201 697 Ut
212 645 272 695 vidit
283 646 416 707 fulgentem
428 648 512 708 armis,
525 663 552 697 ac
562 663 623 698 vana
632 656 766 698 minentem
775 668 783 697 t

165 740 228 797 Cur,
238 737 329 800 inquit,
337 734 446 787 diversus
458 738 527 787 abis?
547 740 594 787 huc
604 738 680 800 dirige
692 753 811 801 gressum,

166 828 220 875 Huc
231 826 337 889 periture
347 828 415 875 veni:
432 826 511 889 capias
524 834 552 875 ut
562 826 636 887 digna
645 828 755 876 Camillre

165 900 276 965 Praemia.
308 920 379 965 'lune
391 916 463 966 etiam
475 917 530 965 telis
543 917 648 965 moriere
660 916 763 966 Dianae?

165 1004 245 1065 Dixit,
256 1012 281 1053 et
289 1006 507 1053 aurata-volucrem
517 1005 635 1052 Threissa
646 1002 760 1076 sagittam

164 1094 307 1157 Depromsit
319 1095 441 1155 pharetra,
454 1107 577 1153 cornuque
588 1092 685 1141 infensa
694 1092 806 1153 tetendit,

163 1184 196 1231 lit
208 1182 279 1231 duxit
289 1184 371 1243 longe,
383 1182 460 1229 donec
472 1189 570 1229 curvata
581 1182 677 1229 coirent
768 1211 773 1217 ι

167 1272 234 1319 lnter
246 1286 272 1319 sc
283 1270 371 1332 capitu,
382 1278 407 1318 et
419 1270 529 1317 manibus
539 1272 589 1329 J'am
599 1258 708 1330 tangeret
717 1269 803 1330 aeqnis,

169 1361 239 1408 Laeva
250 1359 326 1407 aciem
338 1359 396 1407 ferri
399 1356 413 1419 ,’
420 1359 506 1407 dextra
516 1372 639 1419 nervoque
649 1356 774 1419 papillam.

168 1448 298 1510 Extemplo
310 1448 353 1495 teli
363 1446 493 1495 stridorem
504 1460 622 1507 aurasque
630 1445 740 1493 sonantis

169 1535 255 1585 Audiit
264 1550 314 1583 una
325 1538 432 1595 Arruns,
444 1536 561 1596 haesitque
572 1535 598 1583 in
609 1549 712 1597 corpore
723 1534 824 1582 ferrum.

168 1626 242 1673 illum
254 1626 418 1687 exspirantem
429 1625 489 1674 socii
500 1634 572 1686 atque
583 1633 694 1673 extrema
703 1630 841 1685 gementem

170 1713 249 1764 Obliti
260 1713 343 1773 ignoto
355 1728 494 1777 camporum
506 1714 532 1762 in
544 1716 642 1776 pulvere
654 1713 785 1773 linquunt;
823 1740 839 1765 ,-

170 1802 275 1865 Opisad
287 1802 413 1852 etherium
425 1803 510 1866 pennis
519 1804 628 1853 aufertur
640 1803 781 1865 Olympum.

205 1891 287 1938 Prima
298 1891 369 1951 fugit,
381 1892 480 1939 domina
491 1892 591 1951 amissa,
602 1891 662 1939 levis
673 1892 713 1939 ala
724 1888 847 1939 Camillae:

168 1981 274 2029 'l'urbati
282 1981 377 2041 fugiunt
388 1981 490 2042 Rutuli;
507 1982 569 2042 fugit
581 1986 635 2029 acer
645 1979 732 2028 Atinas
743 1998 751 2041 ς

172 2069 320 2129 Disjectique
332 2069 404 2115 duces
416 2069 567 2129 desolatique
578 2068 679 2130 manipli

172 2158 238 2204 'luta
249 2162 344 2217 petunt,
354 2155 457 2215 ct‘equis
470 2155 547 2202 aversi
558 2154 589 2201 ad
599 2153 690 2201 moenia
700 2153 811 2201 tendunt.
884 2169 888 2176 “

174 2247 227 2293 Nec
238 2244 364 2305 quisquam
376 2244 607 2293 instantis‘Teucros
618 2243 742 2312 letumque
754 2240 853 2290 ferentis

172 2335 318 2384 Sustentare
329 2335 393 2381 valet
404 2333 471 2392 telis,
484 2342 525 2379 eut
536 2331 621 2380 sistere
632 2338 732 2378 contrat

174 2426 222 2475 Sed
233 2427 303 2474 laxos
316 2424 427 2471 referunt
437 2422 547 2470 humeris
558 2422 730 2482 languentibus
741 2434 828 2481 arcus3

172 2512 411 2574 Quadrupedumqne
423 2517 517 2573 putrem
526 2524 600 2557 cursu
612 2510 690 2571 quatit
702 2510 793 2571 ungula
802 2519 929 2569 campumt
990 2519 992 2522 ’

140 2668 143 2673 Ι
176 2603 287 2651 Volvitur
297 2601 326 2650 ad
338 2615 421 2650 muros
432 2600 535 2661 caligine
547 2598 659 2648 turbidus
670 2607 723 2647 atra

178 2692 271 2752 Pulvis,
282 2699 307 2740 et
318 2706 332 2739 e
343 2692 447 2754 speculis
459 2705 577 2753 percusse
588 2680 687 2754 pectere
698 2695 787 2737 matres

177 2780 319 2829 Femineum
330 2781 462 2829 clamorem
475 2778 504 2828 ad
517 2779 573 2828 coeli
586 2780 667 2828 sidera
678 2780 776 2826 tollunt.

132 2875 136 2895 ¹
177 2870 227 2924 Qui
238 2884 312 2918 cursu
322 2878 404 2931 portas
416 2870 488 2932 primi
499 2871 614 2933 inrupere
625 2868 740 2931 patentis,

179 2961 231 3007 Hos
243 2958 342 3007 inimica
353 2972 424 3021 super
435 2960 512 3008 mixto
523 2960 613 3023 premit
624 2959 719 3019 agmine
731 2958 816 3019 tnrba3

180 3047 357 3096 Necmiseram
368 3047 486 3108 effugiunt
497 3055 612 3108 mortem,
624 3048 668 3097 sed
676 3046 763 3096 limine
773 3045 800 3093 in
811 3045 874 3107 ipso,

179 3134 304 3183 Moenibus
315 3134 341 3183 in
352 3134 447 3199 patriis,
460 3144 531 3197 atque
541 3136 605 3185 inter
616 3143 670 3185 tuta
680 3132 819 3196 domorum,
