2334 3734
216 524 261 572 rer
440 524 466 570 r.
483 522 621 571 urrunnu
640 496 795 570 Minurus

214 655 248 700 At
257 652 301 700 tibi
310 665 355 714 pro
366 651 467 712 sceiere3
479 651 609 710 exclamat,
621 661 666 711 pro
678 647 766 698 talibus
777 649 853 709 ausin,

214 741 256 800 Di,
269 740 290 788 εἰ
300 754 348 802 qne
358 747 395 789 cst
404 740 465 788 ooelo
477 735 564 802 pietat,
575 750 629 800 qum
639 737 699 786 talia
709 746 789 799 curret,

215 830 357 878 Persolvent
366 837 445 890 grater
457 827 552 888 dignus,
564 834 590 876 ct
600 821 700 890 prumia
710 827 814 877 reddant

214 919 316 968 Debita:
335 918 377 980 qui
388 918 440 967 nuti
451 927 533 967 coram
545 931 585 965 me
595 932 695 967 eernere
706 917 785 966 letum

213 1007 310 1070 Fecisti,
321 1016 349 1057 et
356 1007 447 1071 patrios
458 1003 554 1056 foedesti
566 995 653 1057 funere
663 1009 754 1056 voluis.

212 1100 247 1146 At
257 1112 307 1147 non
316 1097 369 1158 ille,
380 1097 460 1146 satum
471 1111 520 1158 quo
531 1104 555 1145 tc
566 1097 689 1157 mentiris,
701 1094 813 1145 Achilles

212 1187 281 1236 Talis
291 1188 317 1236 in
327 1188 398 1237 hoste
410 1187 457 1235 fuit
467 1184 583 1249 Priem0;
601 1186 645 1235 red
651 1188 709 1246 jure
724 1185 848 1248 fidemque

213 1276 333 1341 Supplicia
343 1276 450 1336 erubuit,
462 1289 598 1339 corpusque
609 1289 730 1336 exsangue
741 1277 853 1338 sepulcro

213 1365 326 1416 Reddidit
338 1367 495 1424 Hectoreum,
507 1378 595 1426 meque
605 1364 632 1412 in
642 1379 697 1412 mee
706 1378 781 1426 regna
791 1363 893 1415 remisit.

214 1458 254 1506 Sic
265 1456 330 1505 fatuus
341 1454 432 1514 senior,
440 1455 565 1516 telumque
576 1454 668 1502 inbelle
677 1453 732 1504 eine
743 1453 794 1502 ictu

215 1545 342 1607 ConJ‘ecit:
359 1559 432 1595 reuco
444 1544 509 1607 quod
519 1543 631 1607 protinus
642 1557 690 1592 mre
701 1544 837 1606 repulsum,

213 1638 246 1685 Et
254 1651 353 1686 tumme
362 1635 434 1698 clipei
443 1633 606 1696 nequidquam
615 1635 723 1681 umbone
735 1631 857 1696 pependit.

215 1725 261 1774 Cui
272 1725 390 1789 Pyrrhus:
408 1724 507 1772 Refereu
517 1736 578 1782 erge
587 1722 648 1781 hnc,
661 1729 686 1770 et
696 1721 798 1770 nuntius
807 1721 856 1769 ibin

214 1815 302 1864 Pelidre
313 1813 425 1876 genitori.
459 1811 499 1860 illi
511 1823 565 1858 mea
574 1810 655 1858 tristia
665 1811 738 1870 facta,

212 1907 409 1966 Degeneremque
419 1901 443 1949 N
444 1902 613 1963 coptolemum·
619 1913 721 1948 narrare
730 1909 862 1951 memento.

213 1995 286 2041 Nunc
298 2005 402 2040 morere.
436 1992 492 2038 Hoc'
500 1989 594 2048 dicent,
605 1988 692 2036 pluria
701 1988 733 2037 ad
742 1989 798 2050 ipsa
805 1997 951 2041 trementem

198 2066 201 2071 ¹
212 2081 300 2130 Traxit
309 2087 335 2128 et
344 2080 371 2128 in
382 2080 460 2127 multo
472 2080 605 2127 labsentcm
617 2067 733 2140 sangnine
744 2079 806 2139 nati,

212 2169 374 2234 Inplicuitque
382 2182 477 2218 comem
489 2169 564 2230 laeva3
587 2168 721 2230 dextraque
731 2183 860 2218 coruscum

212 2259 318 2319 Erudit,
329 2272 356 2306 ac
366 2257 437 2306 lateri
448 2258 534 2319 capulo
545 2265 616 2306 terum
627 2257 729 2317 abdidit,
741 2270 835 2306 ensem.

213 2349 270 2396 Haec
281 2347 337 2396 finis
349 2346 441 2394 Priami·
451 2347 570 2396 fetorum:
588 2347 629 2395 hic
639 2347 720 2395 exitur
730 2346 803 2394 illum

211 2439 283 2488 Sorte
292 2437 360 2497 tulit,
371 2439 473 2498 TmJam·
483 2437 618 2496 incensum,
628 2444 654 2485 et
664 2437 777 2498 prolebca
787 2435 908 2485 videntem

211 2529 344 2588 Pergame3
362 2534 399 2574 tot
410 2525 532 2588 quondum
543 2525 639 2589 populis
649 2525 770 2587 terrisque
780 2527 912 2588 superbum

210 2617 372 2676 Regnatorem
384 2613 457 2662 Acie.
489 2616 504 2662 J
507 2622 559 2661 acet
571 2614 655 2674 ingens
666 2613 738 2662 litore
749 2621 861 2674 nunnus,

210 2703 375 2764 Avolsumque
386 2701 495 2749 humeris
505 2709 588 2763 ceput,
599 2709 624 2750 et
634 2699 798 2751 cine'uomine
808 2718 905 2767 corpus.

241 2793 275 2839 At
284 2805 324 2839 me
333 2798 387 2838 tum
397 2789 502 2851 primum
514 2794 593 2837 serus
601 2789 760 2838 circumstetit
770 2792 869 2842 horror.

210 2879 349 2942 Obrmpuig
365 2878 441 2926 subiit
448 2878 497 2926 neri
508 2877 626 2939 genitoris
637 2878 728 2940 imago,

208 2969 243 3018 Ut
253 2981 334 3028 regem
344 2981 475 3028 cequaevum
485 2965 577 3014 crudeli
588 2965 687 3015 volnere
696 2966 746 3016 uidi

208 3056 291 3106 Vitem
300 3056 456 3104 exhalantem
464 3075 472 3117 3
490 3054 564 3103 subiit
577 3054 675 3104 decerta
685 3057 787 3122 Creusa,

210 3147 242 3194 Et
252 3144 345 3208 direpte
354 3144 452 3206 domm,
463 3151 488 3194 et
499 3143 566 3207 parvi
575 3159 645 3194 catur
657 3147 712 3196 iuli.
