2334 3734
208 548 253 597 108
428 548 455 596 P.
472 545 611 595 vinciunt
629 543 784 594 MARONIS

206 673 356 739 Adcepitque
364 674 420 724 sinn
431 682 510 736 vasto,
521 673 636 736 misitque
644 673 690 722 sub
701 685 808 722 amnem.

206 768 311 828 Jamque
322 765 422 815 domurn
434 764 526 814 mirans
537 763 675 826 genetricis,
686 769 712 810 et
722 760 824 809 humida
834 773 919 822 regna,

206 857 381 921 Speluncisque
390 857 457 906 lacus
467 857 574 914 clausos,
585 855 702 915 lucesque
713 851 834 911 sonantis,

208 948 272 1008 ibat,
284 954 319 1007 et,
332 947 424 1008 ingenti
436 954 504 995 motu
516 945 665 1008 stupefactis
676 957 806 1006 aquarum,

208 1036 301 1087 Omnia
311 1038 356 1086 sub
367 1050 455 1098 magna
464 1033 571 1084 labentia
582 1033 685 1082 flumina
695 1041 762 1081 terra

210 1128 338 1191 Spectabat
349 1125 443 1175 diversa
453 1126 524 1184 locis,
536 1124 694 1186 Phasimque,
707 1123 856 1185 Lycumque,

210 1217 243 1266 Et
253 1224 335 1279 ceput,
346 1216 410 1265 unde
422 1217 485 1264 altus
497 1215 603 1279 primum
615 1229 642 1263 se
652 1212 759 1275 erumpit
768 1209 888 1272 Enipeus,

211 1305 284 1358 Unde
295 1313 363 1369 pater
373 1304 515 1363 Tiberinus,
527 1312 553 1353 et
563 1303 629 1353 unde
639 1303 736 1352 Aniena
744 1303 846 1364 fluenta,

209 1395 377 1457 saxosumque
385 1407 475 1442 sunaus
487 1393 606 1457 Hypanis,
619 1394 751 1455 Mysusque
760 1391 858 1453 Caicus,

212 1485 245 1534 Et
255 1482 351 1545 gemina
361 1491 460 1532 auratus
471 1483 570 1532 taurino
580 1497 673 1539 cornua
682 1483 752 1530 voltu

213 1571 349 1622 Eridanus:
367 1587 416 1635 quo
427 1586 475 1621 non
489 1572 552 1621 alius
563 1585 607 1634 per
615 1571 714 1635 pinguia
723 1572 791 1620 culta

215 1662 243 1711 ln
256 1675 322 1710 mare
333 1675 483 1724 purpureum
494 1659 625 1710 violentior
637 1660 713 1709 effluit
722 1659 812 1709 amnis.

219 1751 351 1812 Postquam
363 1758 401 1798 est
412 1749 438 1797 in
449 1749 552 1799 thalami
564 1749 696 1812 pendentia
703 1749 800 1813 pumice
810 1757 875 1798 tecta

144 1867 150 1871 -
219 1842 376 1900 Perventum,
387 1847 412 1888 et
423 1839 489 1901 gnati
501 1840 572 1889 fletus
584 1840 699 1902 cognovit
708 1839 793 1888 inanes

219 1930 312 1992 Cyrene
323 1948 328 1976 :
347 1928 458 1977 manibus
469 1927 575 1990 liquidos
587 1927 647 1977 dant
654 1928 741 1978 ordine
751 1926 826 1977 sontis

219 2019 357 2078 Germanae,
368 2017 493 2080 tonsisque
504 2018 588 2068 ferunt
598 2016 797 2067 manteliavillis.

222 2111 281 2158 Pars
293 2108 372 2172 epulis
383 2115 487 2158 onerant
497 2123 603 2160 mensas,
614 2117 641 2158 et
649 2110 723 2172 plena
732 2113 855 2172 reponunt

219 2199 324 2247 Pocula:
342 2197 467 2246 Panchaeis
477 2198 621 2248 adolescunt
631 2198 726 2260 ignibus
739 2212 805 2260 are3

222 2289 254 2337 Et
265 2296 353 2347 mater,
366 2290 431 2351 Cape
442 2288 544 2338 Mennii
554 2287 680 2338 carchesia
688 2288 779 2337 Bacchi
789 2307 798 2350 ;

224 2378 322 2428 Ooeeno
333 2377 447 2437 libemus,
459 2377 502 2426 nit.
535 2377 615 2427 Simul
623 2377 676 2440 ipsu
686 2385 799 2440 precatur

224 2467 397 2529 Oceanumque
404 2473 497 2530 patrem
508 2481 603 2528 rerum,
616 2467 789 2530 Nymphasque
797 2478 905 2524 sorores,

224 2555 329 2605 Centum
341 2569 394 2616 quse
406 2555 489 2615 silvas,
499 2563 598 2606 centnm
605 2569 659 2617 qnae
670 2553 773 2602 humina
781 2562 896 2614 serrant3

222 2647 272 2694 Ter
283 2644 377 2708 liquido
388 2644 513 2693 ardentem
519 2644 629 2707 perfudit
638 2651 736 2692 nectare
746 2645 846 2693 Vestam
856 2661 863 2690 r

224 2737 273 2783 Ter
284 2734 384 2783 hamma
393 2732 424 2782 ad
434 2745 558 2781 summum
570 2733 628 2782 teeti
639 2734 749 2795 subjecta
759 2731 858 2781 reluxit.

226 2826 317 2876 Omine
328 2840 376 2888 qun
389 2826 489 2874 firmans
501 2823 622 2885 animum,
633 2824 668 2874 sic
679 2823 765 2886 incipit
776 2822 843 2886 ipsa:

258 2916 303 2964 Est
312 2913 339 2963 in
352 2913 484 2976 Carpathio
496 2913 606 2978 Neptuni
615 2912 709 2975 gurgite
719 2919 786 2962 vates

228 3003 353 3054 cenricus
366 3004 480 3063 Proteus,
491 3016 607 3064 magnum
618 3002 660 3064 qni
672 3001 779 3065 piscihus
788 3014 872 3064 equor

227 3094 260 3142 Et
267 3094 354 3153 iuncto
364 3089 478 3154 bipedum
486 3105 559 3140 curru
568 3090 668 3140 metitur
674 3105 803 3152 equorum.

227 3180 275 3230 Hic
287 3195 351 3229 nnnc
361 3178 482 3228 Emathiae
494 3187 579 3242 portus
590 3179 743 3243 patriamque
752 3177 837 3228 redsit
