2334 3734
213 522 244 570 92
433 521 460 576 P,
477 520 617 569 vlssulbll
633 518 788 570 Muttonis

212 651 278 711 Ergo
288 663 351 710 agre
362 647 447 698 rastris
457 655 548 702 terram
560 646 692 707 rimantur,
703 654 729 696 et
739 644 797 708 ipsis

211 732 340 800 Unguibus
351 737 475 786 infodiunt
485 738 578 798 surges,
590 736 729 798 montisque
740 749 784 798 per
793 735 857 784 altos

212 829 333 877 Contenta
339 827 432 876 ceruice
442 827 543 876 trabunt
553 825 681 875 stridentia
691 826 809 888 plaustra.

212 919 270 966 Non
280 918 352 980 lupus
363 915 462 964 insidias
474 916 588 978 explorat
597 914 672 963 ovilia
681 914 785 974 circum

211 1008 263 1055 Nec
276 1006 387 1067 gregibus
398 1013 532 1054 noctrrrnus
544 1005 704 1065 obambulat3
721 1000 802 1052 aerior
812 1002 885 1051 illum

212 1093 278 1145 Cisra
287 1095 378 1144 domat.
410 1093 503 1142 'limidi
514 1093 593 1141 damae
602 1091 715 1153 cervique
725 1091 824 1152 fugaces

177 1248 183 1255 δ
211 1183 283 1232 Nunc
294 1184 405 1245 interque
415 1197 487 1232 canes
498 1190 524 1231 et
533 1181 627 1230 circum
638 1188 703 1230 tecta
712 1188 837 1241 vagantur.

151 1277 153 1284 ⁴
210 1275 267 1322 lam
278 1273 352 1321 maris
360 1273 465 1322 inmensi
475 1273 581 1335 prolem,
593 1279 619 1320 et
629 1285 706 1332 genus
717 1285 792 1343 omne
802 1276 940 1329 murm,

212 1361 294 1410 Litore
306 1361 331 1410 in
343 1369 463 1420 extremo,
472 1375 516 1410 ceu
528 1360 646 1419 naufraga
655 1372 769 1420 corpora,
781 1358 870 1406 duobus

212 1450 308 1499 Proluit
318 1470 326 1512 3
344 1450 449 1501 insolito
461 1449 559 1510 fugiunt
570 1448 597 1497 in
608 1446 711 1496 flumina
719 1447 812 1508 pboote

212 1539 299 1588 Interit
308 1545 333 1586 et
343 1538 422 1587 nurus
434 1539 525 1586 frustra
535 1537 636 1588 defensa
646 1536 746 1586 latebris

211 1626 310 1690 Vipera,
322 1634 347 1674 et
356 1626 460 1676 adtoniti
470 1627 577 1688 squamis
590 1625 741 1675 adsmutibus
752 1623 832 1688 hydri.

134 1755 136 1759 ,
212 1716 273 1778 lpsis
284 1723 322 1764 est
332 1729 374 1764 aer
384 1715 467 1764 avibus
479 1729 529 1784 non
542 1729 636 1777 aquus,
649 1721 675 1762 et
684 1714 734 1762 illm

214 1803 350 1866 Pracipites
362 1804 412 1852 alta
423 1803 497 1852 vitam
509 1805 554 1852 sub
566 1805 631 1852 nube
642 1802 792 1864 relinquunt.

108 1875 111 1879 ¹
213 1895 393 1954 Praetereajam
404 1907 449 1942 nec
460 1893 549 1942 mutari
559 1893 650 1957 pabula
659 1893 746 1952 refert,

213 1983 373 2044 Quoesitaeque
385 1967 476 2032 nocent
486 1991 565 2046 artes;
582 1996 677 2032 eoesere
690 1979 811 2043 magistri,
870 1963 874 1967 ‚

212 2071 356 2134 Phillyrides
368 2071 461 2121 Chiron
472 2072 696 2136 Amythaoniusque
708 2073 855 2135 Melampus.

213 2162 296 2222 Saevit,
307 2170 342 2222 et,
354 2163 379 2210 ln
391 2163 471 2210 lucem
483 2163 571 2226 Stygiis
582 2163 673 2212 emissa
682 2162 802 2224 tenebris,

214 2251 307 2300 Pallida
317 2251 452 2314 Tisiphone
464 2254 566 2302 Morbos
578 2253 695 2314 agitante
706 2255 861 2315 Metumque,

212 2341 289 2402 lnque
297 2340 347 2389 dies
358 2340 456 2390 avidum
469 2356 571 2402 surgens
581 2350 655 2404 eaput
664 2330 738 2391 altius
749 2342 828 2391 effert.

212 2429 299 2477 Bnlatu
310 2442 426 2491 pecorum
437 2437 463 2478 et
472 2430 563 2478 crebris
575 2422 707 2492 mugitibus
717 2445 802 2481 amnes

211 2520 362 2580 Arentesque
374 2527 463 2568 sonant
473 2519 532 2582 ripe
542 2522 666 2583 collesque
678 2520 768 2585 arpini.
805 2564 811 2577 .

211 2607 226 2656 J
229 2619 316 2668 amque
326 2607 464 2655 catervatim
477 2608 519 2657 dat
530 2615 646 2670 stragem,
654 2618 727 2673 atque
737 2618 835 2672 aggerat
845 2608 904 2674 ipsis

212 2695 240 2742 In
252 2690 352 2744 stabulis
363 2695 429 2758 turpi
440 2695 534 2758 dilapsa
544 2697 659 2748 cadavm
670 2701 727 2749 tabo
738 2719 744 2748 ε

141 2768 145 2778 ’
211 2786 296 2834 Donec
307 2785 383 2834 humo
394 2792 487 2847 tegere,
499 2799 527 2836 ae
538 2787 616 2838 foveis
627 2789 776 2838 abscondere
785 2786 891 2838 diseunt.

213 2875 277 2922 Nam
290 2888 368 2936 neque
378 2882 432 2924 erat
442 2875 515 2924 coriis
526 2891 584 2927 usus
596 2898 604 2939 3
621 2893 666 2928 nec
678 2879 770 2928 viscera
779 2879 907 2942 φιίηωω

212 2945 263 3011 Aut
273 2963 346 3012 undis
354 2964 452 3013 abolere
463 2973 552 3028 potest,
563 2975 607 3017 aut
615 2967 713 3016 vincam
722 2967 838 3029 damma3

215 3052 266 3100 Nec
278 3051 379 3100 tondere
390 3051 488 3113 quidem
499 3056 587 3102 morbo
597 3054 729 3118 illuvieque
739 3069 825 3118 peresa
