2334 3734
239 533 271 582 62
463 530 489 576 P.
506 527 645 576 vismoli
662 526 816 576 MARONIS

238 661 345 719 Scilicet,
357 665 382 707 et
392 655 493 719 grandes
504 656 575 706 ibunt
585 670 629 718 per
638 655 731 704 vimine
740 664 830 718 gutue3

236 753 271 799 At
282 763 353 812 sapor
364 745 481 797 iudicium
492 746 564 796 faciet
574 745 728 807 manifestus,
738 753 764 795 et
774 760 819 795 οη

236 839 328 890 'Iristiu
338 845 475 889 mentum
486 851 559 887 sensu
569 837 693 899 torquebit
704 851 809 886 maror.

237 929 336 991 Pinguis
347 929 405 978 item
416 941 469 990 quae
480 927 513 977 sit
523 927 607 987 tellus,
618 927 666 975 boc
676 925 781 988 denique
791 932 862 988 pecto

235 1020 368 1069 Discimus:
386 1017 452 1067 haud
462 1030 578 1079 umquem
589 1014 702 1064 munibus
709 1016 800 1076 iactatu
810 1013 912 1073 fatiscit,

236 1107 284 1157 Sed
294 1107 354 1170 picis
365 1107 391 1154 in
404 1119 497 1154 morem
509 1105 540 1154 ud
550 1103 638 1166 digitos
649 1104 763 1154 lentescit
771 1103 893 1153 babendo.

236 1197 343 1246 Humida
353 1198 458 1257 majores
468 1196 555 1246 herbas
566 1195 621 1255 alit,
632 1195 731 1258 ipseque
737 1195 806 1255 iusto

234 1285 334 1345 Laedor,
347 1285 378 1334 sb
389 1284 492 1333 nimium
503 1298 534 1332 ne
545 1284 579 1332 sit
589 1282 651 1331 mibi
661 1282 749 1332 fertilis
759 1282 814 1343 ille,
907 1329 911 1334 .

235 1377 289 1425 Neu
302 1374 489 1438 sepraerulidam
500 1373 587 1436 primis
597 1372 709 1422 ostendat
718 1372 815 1423 aristis!

235 1466 295 1519 Quae
305 1463 383 1525 grsris
394 1470 441 1523 est,
453 1447 506 1527 ipso
516 1461 615 1512 tacitum
626 1476 653 1512 se
663 1461 771 1526 pondere
781 1461 873 1524 prodit,

235 1555 342 1615 Qnaeque
352 1552 420 1602 leuis.
454 1554 582 1601 Promtum
594 1559 632 1600 est
641 1552 720 1601 oculis
730 1551 873 1614 praediscere
883 1550 989 1613 nigrum,

233 1643 266 1691 Et
276 1641 329 1703 quis
340 1641 380 1689 cui
390 1642 467 1690 color.
499 1642 534 1688 At
544 1641 690 1690 sceleratum
700 1641 828 1704 exquirere
839 1641 916 1703 frigus

233 1731 337 1782 Difficile
348 1738 400 1780 est:
417 1729 492 1792 pieeae
502 1737 599 1778 tsntmr
610 1729 709 1792 taxique
719 1737 835 1780 nocentes

233 1820 368 1880 Interdum,
381 1826 423 1868 cut
433 1818 510 1868 ederae
519 1818 631 1883 pandunt
639 1819 740 1881 vestigio
749 1819 834 1881 nigre.

267 1909 311 1958 His
323 1907 506 1968 animadversis,
520 1915 612 1958 terram
623 1909 702 1958 multo
713 1916 770 1958 ante
780 1917 904 1958 memento

231 2002 384 2062 Excoquere,
394 2007 421 2048 et
430 2012 530 2060 magnos
541 1998 667 2048 scrobibus
677 1998 806 2048 concidere
816 1997 907 2048 montis
910 2034 918 2058 ,

231 2091 296 2138 Ante
306 2079 428 2151 supinatas
440 2087 549 2148 aquiloni
560 2087 689 2136 ostendere
699 2089 791 2150 glebas,

232 2178 311 2231 Quam
322 2176 406 2224 laeturn
418 2174 524 2224 infodias
534 2173 591 2224 ritis
602 2189 695 2239 genus;
712 2183 812 2239 optimu
821 2175 888 2242 putri

230 2267 297 2314 Arva
306 2265 374 2313 solo:
392 2263 417 2312 id
429 2263 493 2312 renti
505 2270 602 2324 curent,
614 2263 747 2327 gelideque
758 2264 863 2328 nmine,

229 2355 262 2403 Et
272 2354 390 2403 labefacta
401 2366 501 2402 movens
512 2353 627 2425 robustus
636 2354 724 2414 jngere
733 2353 823 2403 fossor.

228 2445 272 2503 At,
284 2441 305 2491 si
316 2456 377 2505 quos
387 2441 453 2491 baud
461 2443 514 2490 ullu
523 2441 589 2490 riros
600 2439 725 2502 vigilantia
735 2441 811 2503 fugite

228 2533 293 2580 Ante
303 2533 386 2581 locum
397 2531 502 2580 similem
513 2529 656 2594 exquirunt,
666 2531 709 2580 ubi
720 2531 800 2594 prims
809 2538 907 2595 poretrrr

227 2620 362 2670 Arboribus
373 2619 450 2681 seges,
462 2627 487 2668 et
496 2634 545 2681 quo
556 2634 615 2668 mox
626 2619 720 2681 digestu
730 2620 839 2678 serotine

227 2712 348 2759 Mutatam
357 2708 470 2770 ignorent
479 2708 560 2758 subito
572 2723 604 2757 ne
615 2708 710 2758 semina
720 2716 832 2758 mouson.

226 2797 293 2853 Quin
303 2797 377 2847 etism
387 2797 445 2846 coeli
455 2796 579 2858 regionem
591 2797 617 2846 in
628 2798 720 2848 cortice
730 2798 844 2860 signunts

226 2889 272 2948 Ut,
285 2902 333 2950 quo
344 2901 445 2950 quotque
455 2885 530 2936 modo
541 2886 646 2947 steterit,
657 2901 706 2949 qua
715 2894 785 2951 parte
795 2887 888 2936 calores

223 2975 354 3027 Austrinos
364 2976 460 3036 tulerit,
471 2991 525 3039 quae
535 2984 604 3038 terge
614 2975 746 3025 obverterit
755 2975 808 3037 axi,

223 3064 376 3126 Resdnnnt3
394 3065 454 3114 sdeo
465 3064 492 3113 in
503 3065 594 3113 teneris
607 3079 766 3115 consuescere
777 3067 882 3116 runltum
892 3074 938 3116 est.
949 3124 952 3131 Ι

224 3153 344 3215 Collibus,
356 3167 386 3202 eu
398 3154 472 3218 plano
483 3153 570 3204 melius
581 3153 615 3204 sit
623 3169 714 3217 ponem
724 3155 809 3219 ritem,
