<?xml version="1.0" encoding="UTF-8"?>
<!DOCTYPE html PUBLIC "-//W3C//DTD XHTML 1.0 Transitional//EN"
    "http://www.w3.org/TR/xhtml1/DTD/xhtml1-transitional.dtd">
<html xmlns="http://www.w3.org/1999/xhtml" xml:lang="en" lang="en">
 <head>
  <title>
</title>
<meta http-equiv="Content-Type" content="text/html;charset=utf-8" />
  <meta name='ocr-system' content='tesseract 3.04.00' />
  <meta name='ocr-capabilities' content='ocr_page ocr_carea ocr_par ocr_line ocrx_word'/>
</head>
<body>
  <div class='ocr_page' id='page_1' title='image "./publiivirgiliim00heyngoog/publiivirgiliim00heyngoog_0267.png"; bbox 0 0 2334 3734; ppageno 0'>
   <div class='ocr_carea' id='block_1_1' title="bbox 132 525 971 724">
    <p class='ocr_par' dir='ltr' id='par_1_1' title="bbox 132 525 971 724">
     <span class='ocr_line' id='line_1_1' title="bbox 430 525 971 582; baseline 0 -8"><span class='ocrx_word' id='word_1_1' title='bbox 430 525 587 582; x_wconf 75' lang='lat' dir='ltr'><strong>AENEIDOS</strong></span> <span class='ocrx_word' id='word_1_2' title='bbox 605 527 668 576; x_wconf 77' lang='lat' dir='ltr'><strong>UH.</strong></span> <span class='ocrx_word' id='word_1_3' title='bbox 684 527 715 575; x_wconf 87' lang='lat' dir='ltr'><strong>V.</strong></span> <span class='ocrx_word' id='word_1_4' title='bbox 924 528 971 576; x_wconf 79' lang='lat'><strong>255</strong></span> 
     </span>
     <span class='ocr_line' id='line_1_2' title="bbox 132 618 833 724; baseline 0.006 -22"><span class='ocrx_word' id='word_1_5' title='bbox 132 643 143 651; x_wconf 44' lang='lat'>⁸</span> <span class='ocrx_word' id='word_1_6' title='bbox 170 652 242 715; x_wconf 78' lang='lat' dir='ltr'><strong>Quod</strong></span> <span class='ocrx_word' id='word_1_7' title='bbox 251 660 377 717; x_wconf 79' lang='lat' dir='ltr'><strong>superest3</strong></span> <span class='ocrx_word' id='word_1_8' title='bbox 393 669 450 724; x_wconf 73' lang='lat' dir='ltr'><strong>oro,</strong></span> <span class='ocrx_word' id='word_1_9' title='bbox 462 618 602 706; x_wconf 82' lang='lat' dir='ltr'><strong>lioeatdare</strong></span> <span class='ocrx_word' id='word_1_10' title='bbox 612 664 665 706; x_wconf 84' lang='lat' dir='ltr'><strong>tuta</strong></span> <span class='ocrx_word' id='word_1_11' title='bbox 676 670 720 720; x_wconf 87' lang='lat' dir='ltr'><strong>per</strong></span> <span class='ocrx_word' id='word_1_12' title='bbox 732 656 807 706; x_wconf 82' lang='lat' dir='ltr'><strong>undas</strong></span> <span class='ocrx_word' id='word_1_13' title='bbox 830 625 833 634; x_wconf 89' lang='lat'>.</span> 
     </span>
    </p>
   </div>
   <div class='ocr_carea' id='block_1_2' title="bbox 77 744 827 810">
    <p class='ocr_par' dir='ltr' id='par_1_2' title="bbox 77 744 827 810">
     <span class='ocr_line' id='line_1_3' title="bbox 77 744 827 810; baseline 0.007 -19"><span class='ocrx_word' id='word_1_14' title='bbox 77 764 81 769; x_wconf 90' lang='lat'>·</span> <span class='ocrx_word' id='word_1_15' title='bbox 169 745 230 792; x_wconf 80' lang='lat' dir='ltr'><strong>Vela</strong></span> <span class='ocrx_word' id='word_1_16' title='bbox 240 744 298 793; x_wconf 85' lang='lat' dir='ltr'><strong>tihi!</strong></span> <span class='ocrx_word' id='word_1_17' title='bbox 318 745 391 797; x_wconf 81' lang='lat' dir='ltr'><strong>licent</strong></span> <span class='ocrx_word' id='word_1_18' title='bbox 401 747 548 806; x_wconf 72' lang='lat' dir='ltr'><strong>Lnurentem</strong></span> <span class='ocrx_word' id='word_1_19' title='bbox 558 746 683 808; x_wconf 77' lang='lat' dir='ltr'><strong>adtingere</strong></span> <span class='ocrx_word' id='word_1_20' title='bbox 693 747 811 810; x_wconf 87' lang='lat' dir='ltr'><strong>Thybrim</strong></span> <span class='ocrx_word' id='word_1_21' title='bbox 821 749 827 796; x_wconf 75' lang='grc' dir='ltr'><strong>Ξ</strong></span> 
     </span>
    </p>
   </div>
   <div class='ocr_carea' id='block_1_3' title="bbox 105 833 928 3244">
    <p class='ocr_par' dir='ltr' id='par_1_3' title="bbox 105 833 928 3244">
     <span class='ocr_line' id='line_1_4' title="bbox 169 833 806 898; baseline 0.009 -17"><span class='ocrx_word' id='word_1_22' title='bbox 169 833 196 882; x_wconf 85' lang='lat' dir='ltr'><strong>Si</strong></span> <span class='ocrx_word' id='word_1_23' title='bbox 206 847 322 883; x_wconf 87' lang='lat' dir='ltr'><strong>concessa</strong></span> <span class='ocrx_word' id='word_1_24' title='bbox 330 843 399 898; x_wconf 74' lang='lat' dir='ltr'><strong>peto3</strong></span> <span class='ocrx_word' id='word_1_25' title='bbox 409 834 433 884; x_wconf 85' lang='lat' dir='ltr'><strong>si</strong></span> <span class='ocrx_word' id='word_1_26' title='bbox 444 835 503 889; x_wconf 69' lang='lat' dir='ltr'><strong>dant</strong></span> <span class='ocrx_word' id='word_1_27' title='bbox 512 848 541 884; x_wconf 86' lang='lat' dir='ltr'><strong>ea</strong></span> <span class='ocrx_word' id='word_1_28' title='bbox 552 836 644 886; x_wconf 79' lang='lat' dir='ltr'><strong>moenia</strong></span> <span class='ocrx_word' id='word_1_29' title='bbox 657 837 745 892; x_wconf 79' lang='lat' dir='ltr'><strong>Partae.</strong></span> <span class='ocrx_word' id='word_1_30' title='bbox 801 847 806 858; x_wconf 89' lang='lat'><em>·</em></span> 
     </span>
     <span class='ocr_line' id='line_1_5' title="bbox 200 919 861 976; baseline 0.006 -4"><span class='ocrx_word' id='word_1_31' title='bbox 200 925 265 972; x_wconf 77' lang='lat' dir='ltr'><strong>Tum</strong></span> <span class='ocrx_word' id='word_1_32' title='bbox 276 925 406 975; x_wconf 83' lang='lat' dir='ltr'><strong>Saturnius</strong></span> <span class='ocrx_word' id='word_1_33' title='bbox 416 925 468 974; x_wconf 76' lang='lat' dir='ltr'><strong>hue</strong></span> <span class='ocrx_word' id='word_1_34' title='bbox 478 925 584 976; x_wconf 79' lang='lat' dir='ltr'><strong>domitor</strong></span> <span class='ocrx_word' id='word_1_35' title='bbox 596 925 670 976; x_wconf 82' lang='lat' dir='ltr'><strong>maris</strong></span> <span class='ocrx_word' id='word_1_36' title='bbox 682 926 757 976; x_wconf 80' lang='lat' dir='ltr'><strong>edidit</strong></span> <span class='ocrx_word' id='word_1_37' title='bbox 766 926 822 976; x_wconf 78' lang='lat' dir='ltr'><strong>alti:</strong></span> <span class='ocrx_word' id='word_1_38' title='bbox 856 919 861 930; x_wconf 87' lang='grc'><em>’</em></span> 
     </span>
     <span class='ocr_line' id='line_1_6' title="bbox 168 1006 809 1082; baseline 0.009 -18"><span class='ocrx_word' id='word_1_39' title='bbox 168 1017 214 1064; x_wconf 83' lang='lat' dir='ltr'><strong>Fas</strong></span> <span class='ocrx_word' id='word_1_40' title='bbox 225 1031 299 1065; x_wconf 89' lang='lat' dir='ltr'><strong>omne</strong></span> <span class='ocrx_word' id='word_1_41' title='bbox 311 1025 358 1078; x_wconf 85' lang='lat' dir='ltr'><strong>est,</strong></span> <span class='ocrx_word' id='word_1_42' title='bbox 372 1017 500 1081; x_wconf 81' lang='lat' dir='ltr'><strong>cytheren,</strong></span> <span class='ocrx_word' id='word_1_43' title='bbox 513 1019 573 1069; x_wconf 89' lang='lat' dir='ltr'><strong>meis</strong></span> <span class='ocrx_word' id='word_1_44' title='bbox 584 1025 609 1068; x_wconf 84' lang='lat' dir='ltr'><strong>te</strong></span> <span class='ocrx_word' id='word_1_45' title='bbox 621 1019 695 1070; x_wconf 83' lang='lat' dir='ltr'><strong>fidere</strong></span> <span class='ocrx_word' id='word_1_46' title='bbox 707 1006 809 1082; x_wconf 72' lang='lat' dir='ltr'><strong>regniq&#39;</strong></span> 
     </span>
     <span class='ocr_line' id='line_1_7' title="bbox 170 1106 847 1177; baseline 0.01 -20"><span class='ocrx_word' id='word_1_47' title='bbox 170 1106 242 1157; x_wconf 85' lang='lat' dir='ltr'><strong>Unde</strong></span> <span class='ocrx_word' id='word_1_48' title='bbox 253 1121 329 1169; x_wconf 87' lang='lat' dir='ltr'><strong>genus</strong></span> <span class='ocrx_word' id='word_1_49' title='bbox 339 1109 418 1159; x_wconf 77' lang='lat' dir='ltr'><strong>ducis</strong></span> <span class='ocrx_word' id='word_1_50' title='bbox 430 1164 435 1173; x_wconf 53' lang='lat'>‚</span> <span class='ocrx_word' id='word_1_51' title='bbox 454 1111 535 1160; x_wconf 86' lang='lat' dir='ltr'><strong>Merui</strong></span> <span class='ocrx_word' id='word_1_52' title='bbox 547 1127 660 1176; x_wconf 89' lang='lat' dir='ltr'><strong>quoque;</strong></span> <span class='ocrx_word' id='word_1_53' title='bbox 678 1128 741 1177; x_wconf 87' lang='lat' dir='ltr'><strong>saepe</strong></span> <span class='ocrx_word' id='word_1_54' title='bbox 752 1115 847 1164; x_wconf 82' lang='lat' dir='ltr'><strong>furores</strong></span> 
     </span>
     <span class='ocr_line' id='line_1_8' title="bbox 169 1195 798 1268; baseline 0.013 -21"><span class='ocrx_word' id='word_1_55' title='bbox 169 1197 301 1260; x_wconf 83' lang='lat' dir='ltr'><strong>Conpressi</strong></span> <span class='ocrx_word' id='word_1_56' title='bbox 312 1206 338 1248; x_wconf 88' lang='lat' dir='ltr'><strong>et</strong></span> <span class='ocrx_word' id='word_1_57' title='bbox 347 1200 441 1266; x_wconf 81' lang='lat' dir='ltr'><strong>rabiem</strong></span> <span class='ocrx_word' id='word_1_58' title='bbox 450 1207 543 1250; x_wconf 74' lang='lat' dir='ltr'><strong>tantum</strong></span> <span class='ocrx_word' id='word_1_59' title='bbox 555 1195 659 1266; x_wconf 83' lang='lat' dir='ltr'><strong>coelique</strong></span> <span class='ocrx_word' id='word_1_60' title='bbox 669 1204 798 1268; x_wconf 83' lang='lat' dir='ltr'><strong>marisque.</strong></span> 
     </span>
     <span class='ocr_line' id='line_1_9' title="bbox 168 1288 863 1357; baseline 0.013 -22"><span class='ocrx_word' id='word_1_61' title='bbox 168 1288 220 1336; x_wconf 87' lang='lat' dir='ltr'><strong>Nec</strong></span> <span class='ocrx_word' id='word_1_62' title='bbox 231 1288 313 1337; x_wconf 89' lang='lat' dir='ltr'><strong>minor</strong></span> <span class='ocrx_word' id='word_1_63' title='bbox 323 1289 350 1338; x_wconf 88' lang='lat' dir='ltr'><strong>in</strong></span> <span class='ocrx_word' id='word_1_64' title='bbox 360 1290 444 1352; x_wconf 74' lang='lat' dir='ltr'><strong>terris,</strong></span> <span class='ocrx_word' id='word_1_65' title='bbox 455 1292 582 1340; x_wconf 82' lang='lat' dir='ltr'><strong>Xanthum</strong></span> <span class='ocrx_word' id='word_1_66' title='bbox 593 1291 765 1357; x_wconf 80' lang='lat' dir='ltr'><strong>Simoentaque</strong></span> <span class='ocrx_word' id='word_1_67' title='bbox 775 1303 863 1356; x_wconf 84' lang='lat' dir='ltr'><strong>testor,</strong></span> 
     </span>
     <span class='ocr_line' id='line_1_10' title="bbox 167 1355 772 1440; baseline 0.012 -15"><span class='ocrx_word' id='word_1_68' title='bbox 167 1355 252 1426; x_wconf 64' lang='lat' dir='ltr'><strong>AEneae</strong></span> <span class='ocrx_word' id='word_1_69' title='bbox 263 1379 325 1428; x_wconf 90' lang='lat' dir='ltr'><strong>mihi</strong></span> <span class='ocrx_word' id='word_1_70' title='bbox 334 1381 450 1440; x_wconf 64' lang='lat' dir='ltr'><strong>curanti.</strong></span> <span class='ocrx_word' id='word_1_71' title='bbox 466 1417 473 1429; x_wconf 84' lang='lat'>.</span> <span class='ocrx_word' id='word_1_72' title='bbox 483 1383 566 1436; x_wconf 83' lang='lat' dir='ltr'><strong>Quum</strong></span> <span class='ocrx_word' id='word_1_73' title='bbox 576 1382 653 1430; x_wconf 77' lang='lat' dir='ltr'><strong>Troia</strong></span> <span class='ocrx_word' id='word_1_74' title='bbox 663 1383 772 1433; x_wconf 89' lang='lat' dir='ltr'><strong>Achilles</strong></span> 
     </span>
     <span class='ocr_line' id='line_1_11' title="bbox 168 1468 782 1535; baseline 0.01 -18"><span class='ocrx_word' id='word_1_75' title='bbox 168 1468 314 1520; x_wconf 86' lang='lat' dir='ltr'><strong>Exanimata</strong></span> <span class='ocrx_word' id='word_1_76' title='bbox 321 1482 427 1533; x_wconf 79' lang='lat' dir='ltr'><strong>soqnem</strong></span> <span class='ocrx_word' id='word_1_77' title='bbox 438 1471 576 1534; x_wconf 75' lang='lat' dir='ltr'><strong>inpingeret</strong></span> <span class='ocrx_word' id='word_1_78' title='bbox 586 1473 684 1534; x_wconf 80' lang='lat' dir='ltr'><strong>agmina</strong></span> <span class='ocrx_word' id='word_1_79' title='bbox 695 1472 782 1535; x_wconf 82' lang='lat' dir='ltr'><strong>muris,</strong></span> 
     </span>
     <span class='ocr_line' id='line_1_12' title="bbox 168 1558 771 1628; baseline 0.01 -21"><span class='ocrx_word' id='word_1_80' title='bbox 168 1558 251 1609; x_wconf 86' lang='lat' dir='ltr'><strong>Millia</strong></span> <span class='ocrx_word' id='word_1_81' title='bbox 261 1563 339 1610; x_wconf 69' lang='lat' dir='ltr'><strong>multo</strong></span> <span class='ocrx_word' id='word_1_82' title='bbox 348 1562 418 1611; x_wconf 74' lang='lat' dir='ltr'><strong>daret</strong></span> <span class='ocrx_word' id='word_1_83' title='bbox 429 1565 490 1623; x_wconf 85' lang='lat' dir='ltr'><strong>leto,</strong></span> <span class='ocrx_word' id='word_1_84' title='bbox 502 1571 673 1625; x_wconf 76' lang='lat' dir='ltr'><strong>gemerentque</strong></span> <span class='ocrx_word' id='word_1_85' title='bbox 684 1564 771 1628; x_wconf 86' lang='lat' dir='ltr'><strong>repleti</strong></span> 
     </span>
     <span class='ocr_line' id='line_1_13' title="bbox 167 1649 822 1717; baseline 0.011 -20"><span class='ocrx_word' id='word_1_86' title='bbox 167 1649 273 1710; x_wconf 82' lang='lat' dir='ltr'><strong>Amnes,</strong></span> <span class='ocrx_word' id='word_1_87' title='bbox 286 1665 331 1700; x_wconf 89' lang='lat' dir='ltr'><strong>nec</strong></span> <span class='ocrx_word' id='word_1_88' title='bbox 342 1652 450 1714; x_wconf 87' lang='lat' dir='ltr'><strong>reperire</strong></span> <span class='ocrx_word' id='word_1_89' title='bbox 460 1652 607 1716; x_wconf 85' lang='lat' dir='ltr'><strong>viamatque</strong></span> <span class='ocrx_word' id='word_1_90' title='bbox 618 1655 729 1704; x_wconf 81' lang='lat' dir='ltr'><strong>evolvere</strong></span> <span class='ocrx_word' id='word_1_91' title='bbox 738 1662 822 1717; x_wconf 85' lang='lat' dir='ltr'><strong>posset</strong></span> 
     </span>
     <span class='ocr_line' id='line_1_14' title="bbox 131 1739 752 1808; baseline 0.013 -22"><span class='ocrx_word' id='word_1_92' title='bbox 131 1793 135 1800; x_wconf 48' lang='lat'>‚</span> <span class='ocrx_word' id='word_1_93' title='bbox 168 1739 197 1787; x_wconf 89' lang='lat' dir='ltr'><strong>In</strong></span> <span class='ocrx_word' id='word_1_94' title='bbox 209 1754 276 1788; x_wconf 83' lang='lat' dir='ltr'><strong>mare</strong></span> <span class='ocrx_word' id='word_1_95' title='bbox 287 1755 313 1790; x_wconf 92' lang='lat' dir='ltr'><strong>se</strong></span> <span class='ocrx_word' id='word_1_96' title='bbox 321 1743 450 1792; x_wconf 83' lang='lat' dir='ltr'><strong>Xanthus:</strong></span> <span class='ocrx_word' id='word_1_97' title='bbox 468 1745 558 1792; x_wconf 76' lang='lat' dir='ltr'><strong>Pelidae</strong></span> <span class='ocrx_word' id='word_1_98' title='bbox 569 1752 628 1794; x_wconf 85' lang='lat' dir='ltr'><strong>tunc</strong></span> <span class='ocrx_word' id='word_1_99' title='bbox 636 1759 681 1808; x_wconf 90' lang='lat' dir='ltr'><strong>ego</strong></span> <span class='ocrx_word' id='word_1_100' title='bbox 694 1745 752 1794; x_wconf 86' lang='lat' dir='ltr'><strong>forti</strong></span> 
     </span>
     <span class='ocr_line' id='line_1_15' title="bbox 169 1831 809 1899; baseline 0.013 -21"><span class='ocrx_word' id='word_1_101' title='bbox 169 1831 333 1894; x_wconf 83' lang='lat' dir='ltr'><strong>Congressum</strong></span> <span class='ocrx_word' id='word_1_102' title='bbox 343 1834 451 1895; x_wconf 64' lang='lat' dir='ltr'><strong>AEnearn</strong></span> <span class='ocrx_word' id='word_1_103' title='bbox 462 1849 507 1885; x_wconf 88' lang='lat' dir='ltr'><strong>neo</strong></span> <span class='ocrx_word' id='word_1_104' title='bbox 518 1835 555 1884; x_wconf 86' lang='lat' dir='ltr'><strong>dis</strong></span> <span class='ocrx_word' id='word_1_105' title='bbox 567 1851 611 1886; x_wconf 87' lang='lat' dir='ltr'><strong>nec</strong></span> <span class='ocrx_word' id='word_1_106' title='bbox 621 1837 713 1886; x_wconf 84' lang='lat' dir='ltr'><strong>viribus</strong></span> <span class='ocrx_word' id='word_1_107' title='bbox 724 1835 809 1899; x_wconf 85' lang='lat' dir='ltr'><strong>aequis,</strong></span> 
     </span>
     <span class='ocr_line' id='line_1_16' title="bbox 165 1913 826 1990; baseline 0.011 -21"><span class='ocrx_word' id='word_1_108' title='bbox 165 1913 241 1970; x_wconf 85' lang='lat' dir='ltr'><strong>¹Nube</strong></span> <span class='ocrx_word' id='word_1_109' title='bbox 252 1936 310 1972; x_wconf 85' lang='lat' dir='ltr'><strong>cava</strong></span> <span class='ocrx_word' id='word_1_110' title='bbox 320 1925 403 1988; x_wconf 86' lang='lat' dir='ltr'><strong>rapui:</strong></span> <span class='ocrx_word' id='word_1_111' title='bbox 420 1940 533 1990; x_wconf 83' lang='lat' dir='ltr'><strong>euperem</strong></span> <span class='ocrx_word' id='word_1_112' title='bbox 545 1942 621 1990; x_wconf 90' lang='lat' dir='ltr'><strong>quum</strong></span> <span class='ocrx_word' id='word_1_113' title='bbox 631 1935 726 1977; x_wconf 80' lang='lat' dir='ltr'><strong>vertere</strong></span> <span class='ocrx_word' id='word_1_114' title='bbox 736 1929 767 1977; x_wconf 77' lang='lat' dir='ltr'><strong>ab</strong></span> <span class='ocrx_word' id='word_1_115' title='bbox 776 1926 826 1976; x_wconf 81' lang='lat' dir='ltr'><strong>imo</strong></span> 
     </span>
     <span class='ocr_line' id='line_1_17' title="bbox 168 2012 778 2080; baseline 0.011 -20"><span class='ocrx_word' id='word_1_116' title='bbox 168 2012 267 2062; x_wconf 76' lang='lat' dir='ltr'><strong>Structo</strong></span> <span class='ocrx_word' id='word_1_117' title='bbox 277 2013 339 2063; x_wconf 85' lang='lat' dir='ltr'><strong>meis</strong></span> <span class='ocrx_word' id='word_1_118' title='bbox 348 2015 462 2065; x_wconf 83' lang='lat' dir='ltr'><strong>manibus</strong></span> <span class='ocrx_word' id='word_1_119' title='bbox 472 2017 576 2080; x_wconf 82' lang='lat' dir='ltr'><strong>perjurae</strong></span> <span class='ocrx_word' id='word_1_120' title='bbox 587 2018 679 2066; x_wconf 80' lang='lat' dir='ltr'><strong>moenia</strong></span> <span class='ocrx_word' id='word_1_121' title='bbox 689 2019 778 2080; x_wconf 79' lang='lat' dir='ltr'><strong>Trojae.</strong></span> 
     </span>
     <span class='ocr_line' id='line_1_18' title="bbox 169 2103 928 2170; baseline 0.008 -20"><span class='ocrx_word' id='word_1_122' title='bbox 169 2103 242 2151; x_wconf 91' lang='lat' dir='ltr'><strong>Nunc</strong></span> <span class='ocrx_word' id='word_1_123' title='bbox 253 2117 348 2165; x_wconf 90' lang='lat' dir='ltr'><strong>quoque</strong></span> <span class='ocrx_word' id='word_1_124' title='bbox 359 2119 429 2153; x_wconf 89' lang='lat' dir='ltr'><strong>mens</strong></span> <span class='ocrx_word' id='word_1_125' title='bbox 439 2104 523 2154; x_wconf 84' lang='lat' dir='ltr'><strong>eadem</strong></span> <span class='ocrx_word' id='word_1_126' title='bbox 534 2114 627 2168; x_wconf 84' lang='lat' dir='ltr'><strong>perstat</strong></span> <span class='ocrx_word' id='word_1_127' title='bbox 639 2106 716 2155; x_wconf 73' lang='lat' dir='ltr'><strong>mihiz</strong></span> <span class='ocrx_word' id='word_1_128' title='bbox 733 2108 797 2170; x_wconf 88' lang='lat' dir='ltr'><strong>pelle</strong></span> <span class='ocrx_word' id='word_1_129' title='bbox 805 2107 928 2156; x_wconf 82' lang='lat' dir='ltr'><strong>timorem.</strong></span> 
     </span>
     <span class='ocr_line' id='line_1_19' title="bbox 168 2193 741 2258; baseline 0.005 -18"><span class='ocrx_word' id='word_1_130' title='bbox 168 2193 258 2253; x_wconf 72' lang='lat' dir='ltr'><strong>hirtus,</strong></span> <span class='ocrx_word' id='word_1_131' title='bbox 270 2207 332 2255; x_wconf 92' lang='lat' dir='ltr'><strong>quos</strong></span> <span class='ocrx_word' id='word_1_132' title='bbox 343 2202 423 2258; x_wconf 86' lang='lat' dir='ltr'><strong>optas,</strong></span> <span class='ocrx_word' id='word_1_133' title='bbox 433 2203 521 2258; x_wconf 85' lang='lat' dir='ltr'><strong>portus</strong></span> <span class='ocrx_word' id='word_1_134' title='bbox 530 2195 631 2245; x_wconf 83' lang='lat' dir='ltr'><strong>adcedet</strong></span> <span class='ocrx_word' id='word_1_135' title='bbox 642 2195 741 2244; x_wconf 80' lang='lat' dir='ltr'><strong>Averni.</strong></span> 
     </span>
     <span class='ocr_line' id='line_1_20' title="bbox 171 2283 851 2346; baseline 0.001 -14"><span class='ocrx_word' id='word_1_136' title='bbox 171 2283 242 2332; x_wconf 91' lang='lat' dir='ltr'><strong>Unus</strong></span> <span class='ocrx_word' id='word_1_137' title='bbox 253 2283 301 2332; x_wconf 87' lang='lat' dir='ltr'><strong>erit</strong></span> <span class='ocrx_word' id='word_1_138' title='bbox 309 2292 416 2344; x_wconf 74' lang='lat' dir='ltr'><strong>tannim,</strong></span> <span class='ocrx_word' id='word_1_139' title='bbox 427 2284 545 2333; x_wconf 80' lang='lat' dir='ltr'><strong>amissum</strong></span> <span class='ocrx_word' id='word_1_140' title='bbox 556 2298 629 2345; x_wconf 87' lang='lat' dir='ltr'><strong>quem</strong></span> <span class='ocrx_word' id='word_1_141' title='bbox 640 2284 732 2346; x_wconf 83' lang='lat' dir='ltr'><strong>gurgite</strong></span> <span class='ocrx_word' id='word_1_142' title='bbox 744 2292 851 2346; x_wconf 80' lang='lat' dir='ltr'><strong>quaeret3</strong></span> 
     </span>
     <span class='ocr_line' id='line_1_21' title="bbox 105 2357 607 2436; baseline 0.002 -15"><span class='ocrx_word' id='word_1_143' title='bbox 105 2357 109 2362; x_wconf 19' lang='grc' dir='ltr'><em>Δ</em></span> <span class='ocrx_word' id='word_1_144' title='bbox 171 2373 256 2422; x_wconf 88' lang='lat' dir='ltr'><strong>Unum</strong></span> <span class='ocrx_word' id='word_1_145' title='bbox 267 2386 312 2435; x_wconf 92' lang='lat' dir='ltr'><strong>pro</strong></span> <span class='ocrx_word' id='word_1_146' title='bbox 323 2373 407 2421; x_wconf 80' lang='lat' dir='ltr'><strong>multis</strong></span> <span class='ocrx_word' id='word_1_147' title='bbox 419 2373 516 2422; x_wconf 81' lang='lat' dir='ltr'><strong>dabitur</strong></span> <span class='ocrx_word' id='word_1_148' title='bbox 526 2377 607 2436; x_wconf 73' lang='lat' dir='ltr'><strong>ceput.</strong></span> 
     </span>
     <span class='ocr_line' id='line_1_22' title="bbox 172 2435 741 2527; baseline 0.002 -17"><span class='ocrx_word' id='word_1_149' title='bbox 172 2463 217 2511; x_wconf 86' lang='lat' dir='ltr'><strong>His</strong></span> <span class='ocrx_word' id='word_1_150' title='bbox 230 2463 271 2512; x_wconf 89' lang='lat' dir='ltr'><strong>uhi</strong></span> <span class='ocrx_word' id='word_1_151' title='bbox 283 2464 339 2512; x_wconf 78' lang='lat' dir='ltr'><strong>laetu</strong></span> <span class='ocrx_word' id='word_1_152' title='bbox 349 2464 400 2512; x_wconf 79' lang='lat' dir='ltr'><strong>doae</strong></span> <span class='ocrx_word' id='word_1_153' title='bbox 411 2465 541 2527; x_wconf 79' lang='lat' dir='ltr'><strong>permulsit</strong></span> <span class='ocrx_word' id='word_1_154' title='bbox 548 2471 647 2527; x_wconf 81' lang='lat' dir='ltr'><strong>pectora</strong></span> <span class='ocrx_word' id='word_1_155' title='bbox 658 2435 741 2512; x_wconf 56' lang='lat' dir='ltr'><strong>diet&#39;isx</strong></span> 
     </span>
     <span class='ocr_line' id='line_1_23' title="bbox 171 2552 802 2628; baseline -0.002 -26"><span class='ocrx_word' id='word_1_156' title='bbox 171 2553 257 2616; x_wconf 85' lang='lat' dir='ltr'><strong>Jnngit</strong></span> <span class='ocrx_word' id='word_1_157' title='bbox 267 2568 342 2616; x_wconf 90' lang='lat' dir='ltr'><strong>equos</strong></span> <span class='ocrx_word' id='word_1_158' title='bbox 354 2569 415 2628; x_wconf 63' lang='lat' dir='ltr'><strong>ungo</strong></span> <span class='ocrx_word' id='word_1_159' title='bbox 423 2555 528 2616; x_wconf 86' lang='lat' dir='ltr'><strong>genitor,</strong></span> <span class='ocrx_word' id='word_1_160' title='bbox 540 2553 725 2617; x_wconf 83' lang='lat' dir='ltr'><strong>spumantiaque</strong></span> <span class='ocrx_word' id='word_1_161' title='bbox 735 2552 802 2602; x_wconf 85' lang='lat' dir='ltr'><strong>addit</strong></span> 
     </span>
     <span class='ocr_line' id='line_1_24' title="bbox 171 2629 828 2707; baseline 0.002 -16"><span class='ocrx_word' id='word_1_162' title='bbox 171 2643 250 2692; x_wconf 80' lang='lat' dir='ltr'><strong>Frena</strong></span> <span class='ocrx_word' id='word_1_163' title='bbox 260 2643 328 2703; x_wconf 84' lang='lat' dir='ltr'><strong>feris,</strong></span> <span class='ocrx_word' id='word_1_164' title='bbox 340 2629 500 2707; x_wconf 73' lang='lat' dir='ltr'><strong>mahibus&#39;que</strong></span> <span class='ocrx_word' id='word_1_165' title='bbox 508 2644 590 2692; x_wconf 87' lang='lat' dir='ltr'><strong>omnis</strong></span> <span class='ocrx_word' id='word_1_166' title='bbox 601 2643 704 2692; x_wconf 81' lang='lat' dir='ltr'><strong>effundit</strong></span> <span class='ocrx_word' id='word_1_167' title='bbox 714 2644 828 2694; x_wconf 80' lang='lat' dir='ltr'><strong>habenas.</strong></span> 
     </span>
     <span class='ocr_line' id='line_1_25' title="bbox 173 2716 790 2797; baseline 0.003 -16"><span class='ocrx_word' id='word_1_168' title='bbox 173 2734 284 2782; x_wconf 84' lang='lat' dir='ltr'><strong>Caeruleo</strong></span> <span class='ocrx_word' id='word_1_169' title='bbox 296 2749 339 2797; x_wconf 89' lang='lat' dir='ltr'><strong>per</strong></span> <span class='ocrx_word' id='word_1_170' title='bbox 349 2743 445 2786; x_wconf 82' lang='lat' dir='ltr'><strong>summa</strong></span> <span class='ocrx_word' id='word_1_171' title='bbox 455 2736 515 2783; x_wconf 83' lang='lat' dir='ltr'><strong>levis</strong></span> <span class='ocrx_word' id='word_1_172' title='bbox 523 2716 593 2783; x_wconf 75' lang='lat' dir='ltr'><strong>=volat</strong></span> <span class='ocrx_word' id='word_1_173' title='bbox 602 2749 701 2797; x_wconf 83' lang='lat' dir='ltr'><strong>aequora</strong></span> <span class='ocrx_word' id='word_1_174' title='bbox 708 2749 790 2784; x_wconf 89' lang='lat' dir='ltr'><strong>curru.</strong></span> 
     </span>
     <span class='ocr_line' id='line_1_26' title="bbox 173 2815 799 2893; baseline 0.003 -23"><span class='ocrx_word' id='word_1_175' title='bbox 173 2821 398 2884; x_wconf 83' lang='lat' dir='ltr'><strong>Subsidunt&#39;undae,</strong></span> <span class='ocrx_word' id='word_1_176' title='bbox 409 2815 580 2893; x_wconf 87' lang='lat' dir='ltr'><strong>tumidumque</strong></span> <span class='ocrx_word' id='word_1_177' title='bbox 591 2826 636 2874; x_wconf 77' lang='lat' dir='ltr'><strong>sub</strong></span> <span class='ocrx_word' id='word_1_178' title='bbox 648 2839 694 2874; x_wconf 86' lang='lat' dir='ltr'><strong>axe</strong></span> <span class='ocrx_word' id='word_1_179' title='bbox 704 2823 799 2881; x_wconf 79' lang='lat' dir='ltr'><strong>tonanti</strong></span> 
     </span>
     <span class='ocr_line' id='line_1_27' title="bbox 173 2909 874 2977; baseline -0.003 -15"><span class='ocrx_word' id='word_1_180' title='bbox 173 2914 296 2963; x_wconf 83' lang='lat' dir='ltr'><strong>Sternitur</strong></span> <span class='ocrx_word' id='word_1_181' title='bbox 306 2928 389 2977; x_wconf 76' lang='lat' dir='ltr'><strong>aequor</strong></span> <span class='ocrx_word' id='word_1_182' title='bbox 400 2915 482 2977; x_wconf 85' lang='lat' dir='ltr'><strong>equis:</strong></span> <span class='ocrx_word' id='word_1_183' title='bbox 503 2909 600 2976; x_wconf 83' lang='lat' dir='ltr'><strong>fugiunt</strong></span> <span class='ocrx_word' id='word_1_184' title='bbox 606 2921 677 2963; x_wconf 71' lang='lat' dir='ltr'><strong>uasto</strong></span> <span class='ocrx_word' id='word_1_185' title='bbox 687 2915 778 2962; x_wconf 79' lang='lat' dir='ltr'><strong>aethere</strong></span> <span class='ocrx_word' id='word_1_186' title='bbox 789 2912 874 2962; x_wconf 88' lang='lat' dir='ltr'><strong>nimbi.</strong></span> 
     </span>
     <span class='ocr_line' id='line_1_28' title="bbox 172 3004 750 3067; baseline -0.002 -15"><span class='ocrx_word' id='word_1_187' title='bbox 172 3006 238 3052; x_wconf 78' lang='lat' dir='ltr'><strong>&#39;ium</strong></span> <span class='ocrx_word' id='word_1_188' title='bbox 248 3004 321 3053; x_wconf 76' lang='lat' dir='ltr'><strong>variae</strong></span> <span class='ocrx_word' id='word_1_189' title='bbox 331 3005 449 3053; x_wconf 83' lang='lat' dir='ltr'><strong>comitum</strong></span> <span class='ocrx_word' id='word_1_190' title='bbox 460 3005 551 3067; x_wconf 78' lang='lat' dir='ltr'><strong>fnoies3</strong></span> <span class='ocrx_word' id='word_1_191' title='bbox 567 3004 678 3052; x_wconf 83' lang='lat' dir='ltr'><strong>inmanis</strong></span> <span class='ocrx_word' id='word_1_192' title='bbox 688 3011 750 3062; x_wconf 79' lang='lat' dir='ltr'><strong>ceto,</strong></span> 
     </span>
     <span class='ocr_line' id='line_1_29' title="bbox 174 3091 792 3155; baseline 0 -15"><span class='ocrx_word' id='word_1_193' title='bbox 174 3093 208 3140; x_wconf 86' lang='lat' dir='ltr'><strong>Et</strong></span> <span class='ocrx_word' id='word_1_194' title='bbox 218 3092 300 3142; x_wconf 87' lang='lat' dir='ltr'><strong>senior</strong></span> <span class='ocrx_word' id='word_1_195' title='bbox 311 3093 399 3142; x_wconf 77' lang='lat' dir='ltr'><strong>Glauci</strong></span> <span class='ocrx_word' id='word_1_196' title='bbox 410 3093 510 3155; x_wconf 74' lang='lat' dir='ltr'><strong>chorus,</strong></span> <span class='ocrx_word' id='word_1_197' title='bbox 523 3091 646 3155; x_wconf 85' lang='lat' dir='ltr'><strong>lnousque</strong></span> <span class='ocrx_word' id='word_1_198' title='bbox 658 3093 792 3152; x_wconf 79' lang='lat' dir='ltr'><strong>Patremon,</strong></span> 
     </span>
     <span class='ocr_line' id='line_1_30' title="bbox 173 3180 784 3244; baseline -0.002 -14"><span class='ocrx_word' id='word_1_199' title='bbox 173 3180 339 3244; x_wconf 79' lang='lat' dir='ltr'><strong>&#39;lhitonesqne</strong></span> <span class='ocrx_word' id='word_1_200' title='bbox 348 3181 401 3244; x_wconf 85' lang='lat' dir='ltr'><strong>citi,</strong></span> <span class='ocrx_word' id='word_1_201' title='bbox 413 3182 550 3244; x_wconf 85' lang='lat' dir='ltr'><strong>Phorcique</strong></span> <span class='ocrx_word' id='word_1_202' title='bbox 561 3181 683 3232; x_wconf 81' lang='lat' dir='ltr'><strong>exercitus</strong></span> <span class='ocrx_word' id='word_1_203' title='bbox 694 3180 784 3231; x_wconf 88' lang='lat' dir='ltr'><strong>omnis.</strong></span> 
     </span>
    </p>
   </div>
   <div class='ocr_carea' id='block_1_4' title="bbox 0 0 1173 3734">
    <p class='ocr_par' dir='ltr' id='par_1_4' title="bbox 0 0 1173 3734">
     <span class='ocr_line' id='line_1_31' title="bbox 0 0 1173 3734; baseline 0 0"><span class='ocrx_word' id='word_1_204' title='bbox 0 0 1173 3734; x_wconf 95' lang='lat' dir='ltr'><strong> </strong></span> 
     </span>
    </p>
   </div>
  </div>
 </body>
</html>
