2334 3734
203 533 249 582 rte
375 501 379 508 ¹
413 538 441 586 r.
458 535 597 585 vinoun
614 537 769 586 mnaorus

203 661 336 724 Cui'neque
347 663 411 727 apud
422 665 519 713 Danaos
531 675 634 728 usquam
646 666 732 728 locus3
749 673 775 716 et
785 681 857 730 super
867 666 915 731 ipsi

201 750 345 800 Dardanides
355 751 443 801 infensi
456 767 541 816 poenas
551 765 608 803 cum
620 755 737 816 sanguine
747 762 859 819 poscunt.

202 841 257 894 Quo
268 839 359 902 gemitu
370 843 482 893 conversi
493 844 580 905 animi,
592 858 736 910 conpressus
746 854 772 896 et
783 847 864 896 omnis

201 931 308 993 lnpetus.
343 934 478 982 Hortamur
490 935 547 995 lari,
560 949 609 997 quo
621 935 740 997 sanguine
751 945 844 998 cretus,

201 1019 295 1072 Quidve
317 1021 397 1083 ferat;
414 1030 612 1085 memoretque
624 1024 657 1072 sit
666 1024 755 1074 fiducia
765 1033 845 1088 capto.

205 1108 262 1172 (llle
274 1110 338 1171 hec,
350 1110 460 1175 deposita
471 1113 569 1162 tandem
581 1114 725 1176 formidine,
737 1115 823 1178 fatur.)

234 1199 329 1248 Cuncta
339 1200 452 1263 equidem
463 1201 519 1264 tibi,
531 1203 596 1262 Rex,
603 1203 678 1252 tuerit
685 1204 867 1268 quodcumque,
879 1205 976 1258 faetor

201 1287 275 1350 Vera,
287 1289 384 1354 inquit3
403 1307 481 1354 neque
493 1307 532 1342 me
542 1290 658 1356 Argolica
668 1294 698 1344 de
708 1304 780 1358 gente
791 1298 901 1359 negabo:

203 1378 257 1426 Hoc
268 1379 392 1442 primum3
411 1395 466 1443 nec,
479 1381 500 1431 si
511 1383 629 1432 miserum
639 1385 748 1434 Fortuna
759 1384 877 1434 Sinonem

201 1466 295 1528 Finxit,
306 1481 396 1517 vanum
408 1468 482 1519 etiam
494 1471 686 1535 mendacemque
695 1473 799 1536 inproba
809 1474 893 1536 finget

200 1555 284 1605 Fando
295 1557 394 1620 aliquod
405 1559 425 1607 si
439 1560 503 1609 torte
514 1569 568 1610 tuas
578 1563 690 1625 pervenit
701 1563 731 1611 ad
738 1563 804 1613 auris

200 1645 294 1694 Belidae
303 1661 392 1695 nomen
405 1648 551 1710 Palamedis,
564 1658 589 1698 et
599 1651 693 1700 incluta
703 1651 770 1702 fama

201 1733 301 1784 Gloriae
314 1751 387 1799 quem
398 1738 460 1786 falsa
470 1741 515 1788 sub
527 1740 668 1802 proditione
679 1743 774 1804 Pelasgi

201 1823 338 1884 lusorum,
349 1825 450 1874 infando
460 1825 551 1876 indicio
554 1829 632 1890 ,quia
643 1831 708 1878 bella
718 1832 827 1893 vetabat,

201 1910 328 1962 Demisere
338 1913 409 1974 neci;
426 1929 491 1963 nune
501 1929 597 1996 cusum
609 1918 702 1967 lumine
713 1920 814 1984 lugent,

201 2000 242 2050 llli
254 2015 293 2050 me
303 2002 429 2064 tomitem,
440 2011 466 2052 et
476 1989 686 2068 consanguinitate
696 2012 873 2075 propinquum,

183 2073 188 2081 ’
204 2090 316 2153 Pauper
309 2105 335 2138 m
346 2089 415 2140 arma
424 2100 492 2156 pater
503 2095 590 2157 primis
601 2098 649 2147 huc
660 2099 728 2149 misit
737 2103 768 2150 ab
780 2104 860 2154 annis

201 2179 267 2226 Dum'
278 2173 357 2229 stabat
366 2195 441 2242 regno
451 2182 582 2234 incolumis
585 2202 738 2252 ,regumque
748 2192 845 2254 rigebat

202 2266 334 2317 Consiliis:
351 2277 376 2318 et
387 2285 433 2334 nos
445 2271 544 2336 aliquod
555 2289 695 2340 nomenque
704 2279 828 2344 decusque

201 2355 335 2406 Gessimus.
371 2359 465 2408 Invidia
472 2369 601 2425 postquam
613 2368 713 2429 pellacis
725 2369 796 2419 Ulixi

207 2444 291 2507 (Haud
301 2445 385 2508 ignota
396 2441 494 2512 l'oquor)
509 2454 604 2515 superis
615 2457 736 2507 concessit
745 2460 777 2506 ab
787 2459 851 2509 oris:

201 2530 320 2582 Addictus
330 2533 404 2584 vitam
415 2536 442 2584 in
453 2540 561 2590 tenebris
572 2543 687 2606 luctuque
694 2547 835 2609 trahebam,

202 2620 235 2667 Et
245 2633 328 2669 casum
339 2621 444 2672 insontis
453 2639 549 2676 meeum
561 2629 705 2692 indignabar
716 2633 797 2684 amici.

201 2709 253 2758 Nec
265 2710 330 2758 taoul
338 2710 457 2776 'demeas;
475 2722 500 2764 et
510 2731 561 2778 me,
572 2720 624 2769 iors
636 2720 717 2785 siqua
725 2723 837 2788 tulisset,

201 2796 227 2846 Si
238 2797 329 2860 patrios
339 2815 456 2864 umquam
469 2818 614 2856 remeassem
624 2810 702 2858 victor
712 2811 743 2862 ad
750 2814 841 2876 Argos,

202 2885 307 2936 Promisi
317 2878 440 2953 ultorem3
457 2900 483 2940 et
492 2893 572 2944 verbis
583 2897 640 2946 odia
649 2913 736 2962 aspera
745 2903 820 2953 movi.

201 2972 266 3023 llius
277 2975 338 3024 milri
348 2978 429 3040 primu
439 2982 576 3034 malilaltes
585 3004 593 3046 3
611 2986 668 3036 hine
678 2998 774 3053 semper
786 2991 874 3042 Ulixes

204 3061 356 3114 Criminibus
365 3073 456 3118 terrere
468 3071 556 3134 novisq
573 3072 631 3124 hine
642 3090 755 3140 spargere
764 3095 836 3130 νοω

204 3151 233 3200 lu
245 3153 342 3216 volgum
353 3155 488 3220 ambiguas,
500 3167 526 3209 et
536 3176 647 3224 querere
657 3167 769 3218 oonseius
780 3183 856 3220 uma
