2334 3734
197 531 245 580 lte
426 529 454 576 P.
470 527 609 576 wabini!
626 522 781 574 HABONIS

195 659 323 709 Adsoeneu
334 671 433 721 supero,
444 664 516 718 atque
526 654 630 704 adrectin
641 653 742 702 auribus
753 652 839 702 adm:

197 750 226 798 In
238 755 343 811 segetem
354 747 430 796 veluti
440 761 516 808 quum
527 745 628 794 flamma
637 743 775 793 tuentibus
786 741 878 792 annuit
981 758 986 768 ·

197 837 295 899 Incidit,
306 845 350 886 aut
360 836 458 900 rupidus
470 843 590 886 montano
601 834 704 884 flumine
711 842 809 883 torrent

197 927 290 976 Sternit
301 941 383 988 agros,
394 925 482 975 sternit
494 933 547 974 sata
557 927 624 986 laete,
635 927 759 986 boumque
769 924 879 982 laboret,
952 947 956 958 ι
967 921 974 926 “

198 1015 384 1078 Pmcipioeeqne
393 1015 470 1064 trahit
480 1015 572 1078 silvan
590 1022 672 1078 stupet
682 1013 773 1063 inteiut
785 1013 836 1062 alto

197 1105 329 1170 Adcipiens
340 1107 449 1182 punitum
461 1107 514 1156 saxi
525 1107 555 1156 de
566 1106 658 1156 vertioe
668 1112 760 1168 pastor.
790 1138 793 1142 -

197 1197 263 1248 'lum
274 1209 332 1244 vero
344 1195 474 1244 mauifoeta
484 1196 556 1256 fides,
569 1197 730 1256 Danaumque
740 1197 868 1256 patescunt

200 1284 305 1333 Insidiae.
338 1287 354 1334 J
357 1299 396 1334 am
408 1285 530 1349 Deiphobi
542 1284 610 1333 dedit
621 1285 703 1347 ampla
713 1281 823 1341 ruinaru,

198 1373 308 1422 Volcano
319 1382 458 1437 superante,
470 1374 577 1436 domua;
593 1376 646 1434 jam
658 1384 796 1434 proxumus
808 1367 878 1418 ardet

199 1463 324 1524 Ucalegon
333 1483 342 1525 ;
360 1461 431 1524 Sigea
440 1462 491 1524 igni
503 1464 566 1512 fruta
576 1464 628 1511 lata
638 1463 756 1511 reluoent.

175 1595 180 1602 .
198 1553 317 1604 Exoritur
325 1554 467 1616 clamorque
474 1553 555 1602 virmn
566 1554 715 1614 clangorque
725 1551 850 1598 tubarum.

197 1644 276 1692 Arma
286 1657 371 1692 amens
382 1643 469 1705 capio;
487 1658 532 1692 nec
543 1650 581 1692 sat
592 1643 697 1692 rationia
706 1643 733 1691 in
744 1641 827 1693 armia

199 1716 248 1781 Seu
258 1733 395 1794 glomerare
406 1745 506 1780 manum
517 1733 594 1792 bello,
605 1739 631 1780 et
638 1747 786 1782 ooneurrere
797 1733 823 1781 iu
832 1744 914 1781 arcem

200 1822 263 1870 Cum
274 1821 346 1870 sociis
357 1821 444 1870 ardent
452 1821 538 1869 animi.
571 1821 652 1870 Furor
660 1821 744 1884 iraque
755 1829 867 1871 mentem

197 1911 370 1976 Pracipitaut3
387 1913 547 1974 pulcrumque
557 1912 622 1961 mori
633 1911 753 1961 auueurrit
763 1912 790 1961 iu
801 1913 884 1962 armin.

231 2001 293 2048 Ecce
305 2009 385 2049 autem
397 1999 452 2048 teliu
465 1999 575 2048 Panthus
587 1977 690 2064 empans'
695 2000 828 2062 Achivum,

200 2090 308 2137 Panthus
320 2089 468 2152 Othryades,
479 2089 541 2138 arcis
550 2090 686 2152 Pboebique
696 2091 818 2150 sacerdot,

201 2180 275 2228 Sacra
285 2193 371 2240 manu,
382 2179 507 2242 viewaque
518 2179 589 2242 deos,
600 2195 751 2244 parvumque
761 2190 875 2245 nopotem

200 2269 256 2330 Ipse
268 2268 353 2330 trahit,
364 2283 484 2332 cursuque
495 2283 579 2319 amena
591 2271 623 2319 ad
633 2270 721 2319 limina
730 2270 818 2339 tendit.
839 2273 847 2280 '

200 2359 255 2412 Quo
267 2371 306 2406 res
317 2371 414 2407 summa
422 2359 489 2419 looo,
502 2360 600 2408 Panthu
611 2362 621 2408 i
640 2373 714 2421 quam
723 2358 865 2423 prendimub
875 2361 977 2408 artemi

199 2445 247 2494 Vix
256 2460 286 2495 ea
295 2447 359 2496 fatur
370 2461 449 2508 mam,
460 2448 552 2510 gemitu
562 2463 639 2511 quum
650 2449 709 2497 talia
719 2449 813 2498 reddit:

200 2537 275 2587 Venit
284 2552 381 2588 summa
393 2539 445 2588 diet
456 2550 482 2590 et
493 2539 650 2588 ineluctabile
659 2547 756 2603 tempus

199 2625 337 2676 Dardnniae.
370 2627 471 2676 Fuimus
482 2629 577 2689 '1¹roet3
595 2628 643 2677 fuit
655 2627 739 2688 llium,
750 2637 776 2677 et
790 2627 877 2690 ingene

201 2714 287 2764 Gloria
297 2717 460 2764 Teucrorum.
493 2717 571 2765 Ferus
581 2717 667 2766 omnia
677 2717 791 2780 luppiter
802 2720 883 2781 Argoa

200 2803 346 2852 Transtulit.
380 2805 483 2853 Incensa
493 2805 571 2854 Danai
583 2805 742 2855 dominantur
754 2804 781 2853 in
792 2807 863 2855 urbe.

201 2893 299 2942 Arduus
311 2895 517 2952 armatnamediis
529 2895 554 2944 iu
567 2893 690 2943 moenibnt
700 2893 800 2943 odetuna

202 2981 293 3031 Fundit
304 2997 391 3045 equus,
403 2983 528 3047 victorque
540 2983 619 3033 Sinon
630 2982 744 3032 inoendin
754 2983 851 3044 minuet,

201 3071 340 3120 Insultans.-
367 3072 449 3122 Portis
462 3073 504 3122 alii
515 3071 681 3135 bipatentibus
692 3072 793 3134 adeunt,

203 3159 285 3209 Millia
295 3168 355 3224 quot
366 3161 461 3224 magnis
471 3175 589 3223 umquam
599 3175 688 3212 venere
699 3161 817 3227 bimulo.
