2334 3734
366 511 564 563 oaosulcou
585 511 649 562 uls.
669 513 711 562 1V.
893 517 941 566 lta

134 641 235 706 Septem
249 640 321 708 illum
331 648 397 692 totos
407 641 536 706 perhibent
546 656 578 690 ex
588 641 675 692 ordine
686 642 776 694 mensis

133 734 203 796 Rupe
216 733 261 780 snb
272 730 339 780 aeria
348 731 437 782 deserti
447 731 479 780 ad
489 730 627 796 Strymonis
637 731 728 782 ιωᾱωι

132 823 252 884 Flevisse,
264 829 289 871 et
298 822 384 883 gelidis
395 823 447 872 hac
459 818 576 874 evontne
587 824 634 872 snb
645 823 733 886 annis,

132 913 287 961 Mulcentem
298 911 379 974 tigris,
390 921 415 962 et
422 920 534 974 agentem
546 913 657 964 carmine
667 928 779 976 quercus.

135 1001 224 1056 eralis
235 1002 342 1065 populea
348 1016 450 1051 marens
462 1001 601 1051 Philomela
610 1003 656 1051 sub
665 1003 754 1052 umbra

134 1091 248 1140 Amissos
261 1090 369 1152 queritur
378 1085 459 1154 setun
477 1105 538 1153 quos
550 1090 627 1140 durus
638 1099 721 1142 mator
797 1115 800 1118 ⁴

135 1179 277 1230 Observans
288 1179 346 1228 nido
356 1179 473 1243 inplumis
485 1177 605 1229 detraxit:
623 1187 649 1228 at
660 1180 705 1230 illu

135 1271 190 1320 Flet
202 1277 310 1329 noctem,
323 1283 440 1333 ramoque
450 1269 536 1320 sedens
546 1269 685 1320 miserabile
692 1284 791 1320 carmen

134 1361 254 1422 integrat,
265 1368 290 1408 et
301 1360 391 1408 mestis
402 1361 451 1409 late
462 1361 518 1409 loca
528 1360 654 1422 questibus
664 1360 749 1424 inplet.

134 1448 212 1497 Nulla
222 1450 316 1509 Venus,
329 1462 379 1496 non
389 1448 435 1496 ulli
446 1448 555 1498 animum
566 1449 657 1498 tlexere
668 1450 803 1512 Hymenaei.

135 1538 209 1588 Solus
222 1539 389 1602 Hyperboreas
400 1537 489 1599 glacies
499 1537 651 1599 meumque
661 1537 768 1588 nivalem

133 1631 246 1692 Arvaque
258 1627 364 1691 Rhipaeis
375 1641 508 1691 numquam
519 1628 618 1676 viduata
630 1627 726 1690 pruinis

136 1721 276 1780 humabat,
287 1727 381 1782 raptam
391 1718 527 1783 Eurydicen
541 1727 613 1780 atque
624 1719 699 1768 inrita
711 1719 776 1770 Ditis

136 1811 210 1859 Dona
219 1821 331 1871 querens.
364 1808 456 1871 Spretae
469 1807 590 1857 Ciconum
601 1823 650 1870 quo
661 1822 762 1858 munere
773 1816 874 1871 matres,

137 1901 203 1950 luter
214 1913 283 1948 sacra
293 1899 377 1958 deum,
389 1898 551 1960 nocturnique
561 1897 631 1960 orgia
642 1897 743 1959 Bacchi,

136 1990 291 2053 Discerptum
300 1991 364 2038 latos
372 1989 487 2050 juvenem
498 2003 608 2051 sparsere
619 2003 663 2051 per
674 2003 755 2051 agros.

103 2079 105 2086 ’
136 2080 202 2127 'llum
212 2092 318 2140 quoque,
329 2091 467 2126 marmorea
477 2083 551 2140 caput
561 2091 576 2126 a
586 2078 679 2126 cervice
690 2079 812 2128 renolsnm

138 2167 238 2230 Gmgite
248 2181 324 2230 quum
336 2166 416 2215 medio
429 2173 528 2229 portans
541 2165 655 2228 OEagriua
667 2167 764 2216 Hebrus

136 2259 261 2316 Volneret,
272 2256 409 2320 Eurydicen
419 2269 468 2304 vox
478 2255 531 2318 ipsa
541 2263 566 2304 et
576 2255 664 2316 frigida
673 2254 767 2318 lingua,

138 2347 177 2396 sn
188 2346 302 2396 miseram
312 2327 464 2409 nuncient
482 2345 565 2394 aalma
576 2345 685 2406 nnete
695 2346 811 2407 tonnae

138 2436 272 2501 Eurydicen
283 2444 336 2485 toto
346 2437 484 2486 referebant
496 2435 598 2484 flumine
609 2434 677 2497 ripa.

170 2529 227 2576 Hac
239 2529 355 2576 Proteus:
373 2535 398 2575 et
405 2540 431 2576 se
440 2528 507 2588 jactu
518 2525 586 2574 dedit
596 2539 678 2587 aequor
689 2524 714 2572 in
725 2525 811 2574 alnum.

139 2619 239 2680 Quaque
249 2617 326 2677 dedit,
337 2624 492 2679 spumantem
504 2615 595 2664 undm
607 2616 653 2663 sub
664 2614 753 2664 vertice
764 2614 844 2664 torsit.

138 2711 172 2757 At
181 2723 230 2756 nou
245 2709 353 2770 Cyrene:
372 2719 477 2767 namque
491 2705 558 2754 ultro
569 2704 651 2753 adlata
661 2703 788 2753 timentem
799 2724 806 2752 a
817 2703 822 2715 ¹

171 2798 244 2857 Nate,
252 2796 311 2844 lieet
320 2795 398 2845 tristis
409 2795 492 2843 animo
502 2793 624 2856 deponere
635 2807 715 2842 curas.

140 2890 196 2937 Hanc
207 2886 289 2936 omnis
300 2886 380 2935 morbi
391 2899 492 2947 cartana3
510 2883 567 2932 hinc
579 2882 718 2932 miserabile
730 2881 860 2945 Nymphae,

141 2973 201 3027 Cum
211 2975 300 3040 quibus
312 2975 356 3025 illa
365 2976 453 3024 choros
464 2973 525 3022 lucis
537 2973 644 3034 agitabat
652 2972 679 3019 in
691 2969 758 3030 altis,

140 3068 248 3118 Exitium
259 3067 348 3116 misere
358 3066 451 3132 apibus.
483 3066 523 3113 Tu
535 3076 638 3112 munera
648 3061 751 3124 supplex

139 3157 221 3208 l'ende
231 3165 316 3222 petens
327 3170 422 3222 pacem,
432 3161 458 3204 et
469 3152 551 3204 faciles
562 3162 679 3201 venerare
690 3150 800 3214 Napaeas.

533 3255 541 3289 r
