2334 3734
220 542 268 587 402
440 538 467 584 P.
484 536 620 585 VIRGILII
637 533 789 582 MARONIS

221 664 344 725 Defendit,
357 666 476 713 multosve
487 664 555 725 psius
567 660 706 721 Laurentio,
718 661 779 708 silva
882 637 889 669 ”

222 757 307 803 Pastis
319 753 461 811 arundinea,
473 759 599 814 postquam
611 750 675 797 iuter
685 748 746 797 retis
756 755 855 796 rentum
864 754 918 807 est,
1003 799 1006 802 ,

223 842 344 901 Substitit,
356 841 527 901 infremuitque
540 843 621 899 ferox,
629 846 654 886 et
664 838 787 887 inhorruit
797 848 877 884 armos
887 855 896 897 ;

224 933 275 979 Nec
285 929 395 990 cuiquam
407 927 477 975 irasci
488 927 617 989 propiusve
627 926 741 973 accedere
750 925 825 973 virtus
834 944 842 985 ;
897 934 901 943 ·

223 1016 271 1067 Sed
278 1016 364 1077 jaculis
374 1015 481 1075 tutisque
493 1015 579 1076 procul
587 1013 732 1062 clamoribus
743 1012 848 1060 instant:
869 1015 872 1022 “

224 1105 269 1153 Ille
280 1110 361 1172 eutem
371 1101 496 1163 inpavidus
508 1109 587 1163 partus
599 1108 725 1150 cunctatur
735 1100 761 1148 in
771 1099 863 1159 omnis,

223 1191 340 1241 Dentibus
352 1189 501 1249 infrendens,
513 1197 538 1237 et
547 1197 616 1248 tergo
627 1189 718 1237 decutit
728 1190 817 1237 basum

185 1274 187 1283 ⁴
224 1280 296 1329 Haud
306 1280 386 1339 aliter,
394 1281 466 1339 justae
477 1277 563 1338 quibus
575 1282 613 1325 est
623 1276 758 1324 Mezentius
769 1275 823 1334 ire,

225 1370 282 1417 Non
293 1367 339 1414 ulli
349 1374 387 1415 est
397 1366 492 1414 suimus
503 1362 587 1413 stricto
597 1376 742 1412 concurrere
749 1364 816 1411 ferro
826 1382 834 1423 3

227 1454 361 1503 Missilibus
369 1455 442 1513 longe
452 1459 477 1501 et
487 1458 555 1501 vesto
564 1452 673 1501 clamore
683 1452 813 1499 lacessunt.

226 1545 331 1591 Venerat
341 1540 445 1603 antiquis
457 1540 556 1603 Corythi
568 1540 598 1588 de
609 1539 698 1588 finibus
710 1541 802 1598 Acron,

15 1648 21 1655 ·
124 1612 153 1677 ,¹
227 1631 313 1679 Graius
325 1630 413 1691 homo;
431 1630 532 1679 iniectos
543 1630 654 1691 linquens
665 1630 781 1691 profugus
791 1628 943 1690 hymeneos:

120 1763 125 1769 ,
230 1720 301 1767 Hunc
311 1717 354 1766 ubi
365 1718 506 1766 miscentem
516 1714 785 1778 longemediuugmina
793 1712 863 1775 vidit,
944 1752 950 1759 .

229 1808 379 1868 Purpureum
391 1804 476 1867 pennis
487 1813 512 1853 et
521 1813 597 1868 pnotae
607 1805 715 1865 conjugis
726 1811 808 1852 ostro:

229 1895 340 1956 lupustus
351 1893 446 1941 subulo
456 1894 505 1942 niun
515 1895 554 1942 leo
564 1908 609 1942 ceu
620 1908 682 1955 sepe
691 1905 836 1957 pemgrans3

229 1980 319 2031 Suadet
328 1979 393 2027 enlm
403 1992 491 2027 vesunu
501 1980 593 2041 iemcs3
611 1981 632 2029 si
644 1981 707 2029 torte
718 1980 826 2041 fugacem
871 1994 875 2001 ·
977 1989 981 1995 ·

231 2066 364 2130 Conspexit
373 2080 493 2130 cupreum,
505 2075 547 2117 aut
557 2076 696 2129 surgentem
707 2069 732 2117 in
744 2080 835 2117 cornua
845 2079 960 2126 cervum,

231 2155 335 2215 Gaudet,
343 2154 414 2204 hiens
424 2154 532 2216 inmane,
543 2168 671 2217 comasque
683 2154 787 2214 adrexit,
798 2160 824 2202 ct
833 2153 910 2201 heret

231 2241 369 2292 Visceribus
380 2242 617 2307 superincumbeus3
634 2242 693 2291 levit
702 2242 804 2305 inprobe
813 2247 876 2289 teter

233 2331 284 2381 Ora
294 2346 384 2388 cruor:

233 2418 274 2477 Sic
284 2420 335 2469 ruit
344 2419 370 2467 in
381 2420 468 2469 densos
478 2422 557 2469 alacer
569 2418 706 2468 Mezentius
715 2419 807 2466 houm.

233 2506 355 2557 Sternitur
365 2506 452 2556 infelix
463 2510 555 2569 Acron,
568 2515 593 2556 et
601 2507 708 2556 culcibus
722 2513 799 2555 atrum

232 2593 325 2642 'l'undit
335 2594 438 2641 humum
449 2594 583 2655 exspirans,
595 2594 745 2655 infractaque
754 2592 805 2641 telo
814 2596 931 2639 crucum

232 2682 312 2741 Atque
322 2679 386 2728 idem
397 2680 529 2740 fugientem
539 2682 605 2730 hund
614 2690 653 2730 est
661 2680 773 2742 umens
784 2678 883 2729 Oroden

234 2769 357 2828 Sternere,
369 2782 412 2817 nec
420 2769 485 2829 jactu
494 2783 582 2818 cecum
593 2769 651 2817 dure
660 2767 758 2832 cuspide
769 2768 872 2815 volnus:

235 2856 327 2905 Obvius
337 2856 483 2919 adversoque
491 2856 606 2917 occmrit,
618 2871 690 2919 seque
700 2857 753 2905 viro
763 2855 801 2903 vir

234 2943 354 3004 Contulit,
364 2944 430 2993 baud
440 2945 505 2993 furto
516 2946 613 3005 melior,
624 2945 667 2993 sed
676 2944 779 2992 fortibus
791 2939 875 2990 umis.

234 3032 299 3079 'lum
306 3045 378 3093 super
389 3034 506 3093 abjectum
517 3034 597 3095 ponito
608 3033 668 3095 pede
678 3033 751 3081 nixus
762 3039 788 3081 et
796 3032 881 3079 husin:

236 3118 294 3182 Pers
305 3117 364 3165 belli
375 3119 440 3167 houd
451 3120 589 3180 temnendo,
601 3118 657 3179 viri,
665 3120 730 3178 jacet
740 3119 804 3168 nltrns
815 3114 918 3167 Orodes.
