2334 3734
193 516 241 566 152
420 515 447 562 P.
465 513 603 564 vlnulbll
620 510 775 562 Manonls

189 645 229 694 Ne
240 641 314 707 recipi
325 641 415 706 portis,
426 649 469 692 aut
479 641 535 692 duci
543 641 570 690 in
582 640 675 693 munla
683 639 778 704 possit3

191 735 246 782 Neu
257 733 376 796 populum
387 731 486 794 antiqua
496 732 542 781 sub
553 730 673 793 religione
683 730 756 782 aseri.
798 742 806 758 ·

191 824 266 883 Nam,
278 821 299 870 si
310 828 391 872 vestra
401 835 488 870 manns
499 819 614 872 violasset
624 819 690 870 dona
700 820 829 881 Minerve,
867 813 869 817 ’

189 915 255 962 Tum
267 926 383 974 magnum
394 912 497 962 exitium
514 904 591 974 (quod
602 911 628 960 di
637 911 705 975 prius
713 923 787 962 omen
798 909 824 959 in
835 908 917 972 ipsum
971 951 975 956 .

191 1003 342 1052 Convertant
352 1001 371 1064 !)
387 1001 479 1052 Priami
489 1001 594 1064 imperio
605 1001 791 1065 Phrygibusque¹
798 999 917 1050 numm.

190 1091 235 1142 Sin
246 1091 358 1140 manibus
369 1090 455 1142 vestris
466 1098 570 1140 vestram
582 1090 747 1141 adscendisset
756 1090 783 1140 in
794 1091 893 1138 urbem:

192 1181 266 1230 Ultro
277 1179 363 1230 Asiam
374 1193 462 1242 magno
472 1180 576 1243 Pelopea
588 1179 619 1229 ad
630 1178 722 1230 moenia
731 1179 798 1228 bello

192 1272 338 1330 Venturam,
347 1277 372 1318 et
384 1277 481 1319 nostros
493 1282 522 1318 ea
533 1269 583 1318 fata
594 1282 694 1318 manere
705 1274 814 1331 nepotes.

223 1360 325 1411 Talibus
336 1359 432 1410 insidiis
443 1351 583 1423 perp'nrique
595 1367 648 1409 arte
659 1358 759 1410 Sinonis

192 1451 292 1502 Credita
301 1465 351 1513 res,
360 1450 471 1514 captique
483 1450 547 1500 dolls
557 1450 714 1514 lacrimisque
724 1448 824 1508 coactis,

190 1542 258 1597 Quos
270 1554 348 1604 neque
358 1539 473 1604 Tydides,
486 1554 531 1590 nec
543 1539 675 1590 Larisaeus
687 1539 807 1598 Achilles,

191 1632 248 1681 Non
261 1629 319 1704 anni
330 1629 447 1678 domuere
458 1629 553 1691 decem,
565 1645 616 1679 non
627 1629 697 1678 mille
706 1628 805 1680 carine.

224 1718 270 1767 Hic
281 1717 348 1767 aliud
360 1719 439 1779 majus
450 1717 547 1767 miseris
559 1719 685 1780 multoque
696 1717 852 1768 tremendum

191 1807 313 1868 Obilcitur
325 1807 413 1869 magis,
425 1814 498 1869 atque
508 1806 636 1869 inprovida
646 1814 746 1869 pectora
756 1808 846 1856 brrbnt.

190 1898 314 1957 Laocoon,
325 1895 413 1945 ductus
427 1897 542 1958 Neptuno
553 1902 621 1944 sorte
631 1894 755 1955 sacerdos,

191 1984 324 2036 Sollemnis
333 1992 430 2036 taurum
442 1985 565 2046 ingentem
576 1986 699 2034 mactabat
709 1985 741 2034 ad
752 1999 815 2035 arar.

95 2095 97 2106 =
189 2077 252 2126 Ecce
263 2083 345 2125 autem
356 2075 446 2138 gemini
457 2076 583 2140 aTenedo
595 2076 729 2140 tranquilla
739 2090 783 2138 per
794 2077 845 2125 alta

194 2166 329 2230 (Horresco
337 2165 457 2231 referens)
472 2167 590 2218 inmensis
601 2167 803 2243 orbibusangnes

191 2255 338 2305 lncumbunt
350 2257 445 2318 pelago,
457 2255 595 2322 pariterque
607 2258 638 2306 ad
648 2256 723 2307 litora
733 2255 848 2306 tendunt:

192 2345 294 2394 Pectora
304 2359 411 2407 quorum
422 2345 486 2395 inter
497 2346 584 2402 fluctus
596 2345 694 2396 udrecta
701 2346 815 2408 jnboeqne

85 2476 89 2486 .
190 2425 333 2496 Sanguineae
345 2443 494 2498 &superant
503 2437 598 2499 undaa3
615 2450 673 2499 pars
683 2443 765 2485 cetera
773 2442 877 2498 pontum

191 2525 258 2572 Pone
269 2522 338 2584 legit,
350 2523 619 2586 sinuantqrerc'nnrensa
629 2525 754 2575 volumine
764 2533 841 2586 terga

188 2611 228 2662 Fit
237 2611 343 2673 sonitus,
356 2617 484 2676 spumante
495 2615 562 2663 salo:
577 2615 678 2676 jamque
689 2627 747 2663 arva
757 2614 883 2672 tenebant,

188 2700 352 2762 Ardentisqie
363 2701 447 2750 oculos
460 2701 553 2751 suffecti
564 2701 682 2762 sanguine
688 2710 713 2751 et
722 2701 784 2764 igni,

188 2789 266 2840 Sibila
275 2790 415 2840 lambebant
425 2789 515 2852 linguis
527 2785 678 2840 vibrantibus
690 2805 742 2840 ora.

123 2937 126 2944 ι
189 2878 335 2940 Diffugimus
347 2879 400 2930 visu
412 2894 555 2942 exsangues.
590 2880 631 2930 llll
642 2881 738 2943 agmine
747 2889 816 2932 certo

188 2971 327 3019 Laocoonta
339 2977 431 3032 petunt.
464 2973 497 3020 Et
506 2969 614 3035 primum
625 2985 700 3035 perra
710 2972 815 3022 duorum

190 3059 301 3122 Corpora
313 3066 426 3110 natorum
438 3075 538 3124 serpens
550 3063 678 3126 amplexus
688 3070 790 3127 uterque

190 3147 304 3212 lnplicat,
315 3156 340 3198 et
350 3148 453 3199 miseros
465 3166 550 3201 morsu
560 3152 697 3216 depascitur
706 3160 790 3213 artns3
