2334 3734
368 503 377 519 ‘¹
419 495 575 544 AENElDOS
592 495 654 543 LlB.
671 495 703 542 X.
907 494 954 541 407

161 625 249 677 Omnis
260 639 303 688 per
314 630 404 672 mortes
415 623 522 672 animam
534 619 630 670 sontem
640 621 692 683 ipse
703 619 837 669 dedissem!

163 717 234 763 Nunc
245 713 315 761 vivo!
333 725 411 773 neque
422 711 500 760 adhue
511 711 623 758 homines
633 711 760 770 lucemque
771 709 897 770 relinquo!

163 803 211 852 Sed
222 803 339 863 linquam.
373 799 452 848 Simul
464 799 510 846 hoc
522 799 604 846 dicens
615 797 713 846 adtollit
721 797 749 844 in
760 809 852 856 agrum
877 823 880 832 ·

163 891 196 939 Se
204 891 299 950 iemur3
317 896 352 947 et,
365 899 511 949 quamquem
522 886 558 934 vis
570 887 620 934 alto
631 886 732 933 volnere
742 884 832 944 tardet,

164 979 235 1028 Haud
247 978 364 1037 dejectus,
375 989 464 1037 equum
476 974 531 1023 duci
540 976 616 1035 jubet.
651 977 704 1022 Hoc
714 973 786 1022 decus
797 972 845 1033 illi,

165 1069 218 1116 lloc
229 1068 338 1132 solsrnen
349 1073 417 1125 erot;
434 1065 505 1112 bellis
516 1065 563 1112 hoc
575 1064 651 1112 victor
666 1063 747 1112 abibat

163 1155 294 1212 Omnibus.
327 1152 473 1214 Adloquitur
485 1159 637 1210 rnaerentem,
647 1158 673 1198 et
682 1149 771 1198 talibus
782 1148 849 1197 infit:

164 1243 267 1302 Rhoebe,
280 1237 321 1290 diu
335 1242 384 1304 (res
393 1240 414 1288 si
423 1253 472 1301 qua
484 1239 526 1288 diu
537 1237 745 1286 mortalibus-ulle
753 1234 801 1297 est)

165 1331 284 1380 Viximus.
317 1330 369 1376 Aut
379 1327 451 1375 hodie
462 1327 538 1374 victor
550 1326 628 1388 spolia
638 1325 682 1372 illo
694 1332 794 1372 cruente

164 1421 197 1468 lit
206 1426 277 1482 caput
287 1419 371 1466 AEnete
381 1419 481 1476 referes,
491 1415 610 1476 Lausique
621 1413 735 1462 dolorum

165 1510 239 1558 Ultor
250 1508 297 1556 eris
309 1521 417 1554 meeum:
435 1511 488 1563 aut,
500 1503 577 1566 sperit
589 1503 609 1550 si
617 1503 689 1553 nulls
698 1502 762 1550 viam
773 1500 820 1560 vis,

166 1597 301 1646 Oceumbes
313 1595 410 1657 pariter.
444 1595 529 1654 Neque
540 1592 618 1652 enirn,
629 1591 771 1649 fortissime,
782 1588 854 1638 credo

105 1724 112 1728 .
165 1687 180 1734 J
183 1699 239 1732 ussa
250 1683 329 1732 aliena
340 1683 388 1744 pati
399 1688 424 1729 et
433 1679 547 1728 dominos
558 1679 687 1739 dignabere
696 1670 811 1726 Teucros.

166 1772 245 1832 Dixit,
257 1779 281 1820 et
291 1777 405 1832 exceptus
417 1776 484 1835 tergo
495 1774 612 1815 consueta
622 1766 710 1814 loesvit

168 1861 289 1919 Membra,
303 1871 436 1919 manusque
448 1857 530 1904 ambas
540 1835 628 1915 jaculis
639 1852 749 1902 oneravit
759 1849 851 1912 sentin

167 1949 226 1997 AEre
237 1954 310 2009 caput
320 1946 424 2006 fulgens,
436 1944 556 2004 cristaque
568 1943 676 1991 hirsutus
688 1940 784 2002 equino.

169 2037 209 2088 Sic
220 2050 318 2086 cursum
325 2035 350 2083 in
362 2033 454 2082 medios
467 2032 564 2094 rapidus
575 2030 649 2079 dedit.
682 2031 779 2078 AEstuat
788 2028 874 2089 ingens

169 2105 227 2174 Uno
238 2124 264 2172 in
275 2123 349 2172 corde
360 2121 438 2184 pudor
449 2119 575 2178 mixtoque
587 2116 681 2164 insania
692 2117 783 2174 luctu,-

170 2214 186 2244 *
193 2216 225 2262 Et
235 2212 314 2262 Furiis
326 2210 429 2270 agitatus
441 2220 520 2264 amor,
531 2212 556 2252 et
568 2199 666 2252 conscia
676 2203 753 2249 virtus
763 2201 792 2248 z*

170 2303 249 2362 Atque
259 2299 299 2347 hic
310 2298 406 2344 AEnean
419 2307 506 2354 magna
515 2301 553 2340 ter
564 2305 622 2338 voce
633 2288 734 2338 vocavit.

170 2391 259 2440 AEneus
271 2385 385 2448 adgnovit
393 2383 469 2442 eninr,
481 2383 598 2442 letusque
610 2385 735 2441 precatur:

171 2478 211 2528 Sic
224 2484 291 2540 peter
302 2475 345 2522 ille
355 2473 427 2522 deum
439 2469 520 2529 facist,
532 2469 566 2518 sic
581 2449 645 2516 altus
656 2465 757 2530 Apollo,
835 2463 836 2467 ’

171 2566 274 2629 incipias
285 2563 396 2612 conferre
408 2574 516 2609 manum.

170 2657 278 2704 ionum
289 2654 385 2712 effatus,
397 2659 421 2700 et
433 2649 523 2698 intesta
533 2645 598 2695 subit
607 2643 691 2693 obvius
703 2644 780 2690 husto.

172 2745 218 2794 Ille
230 2750 323 2792 eutem:
343 2741 408 2795 Quid
419 2726 468 2798 nie,
481 2743 575 2799 erepto,
588 2732 727 2791 saevissime,
739 2737 807 2789 nato,

172 2833 280 2882 Terres?
299 2830 351 2880 huc
362 2829 401 2876 via
411 2828 464 2876 sola
476 2825 532 2885 fuit,
545 2837 594 2886 qua
603 2821 704 2885 perdere
715 2831 808 2880 posses.

175 2923 227 2970 Nee
238 2897 342 2968 mortem
353 2918 492 2975 horremus,
503 2928 547 2964 nec
558 2913 639 2961 divom
650 2907 770 2971 parcimus
782 2903 834 2952 ulli.

176 3010 275 3059 Desine.
309 3010 324 3056 J
327 3021 366 3056 sm
378 3005 449 3054 venio
459 3004 604 3060 moriturus,
615 3006 640 3047 et
649 2998 701 3044 haec
712 2993 756 3043 tibi
767 3000 838 3056 porto

177 3101 248 3148 Dona
258 3098 333 3160 prius.
367 3094 446 3154 Dixit,
457 3094 580 3156 telumque
588 3085 688 3136 intorsit
698 3084 724 3132 in
735 3083 847 3142 hostem
