2334 3734
238 505 269 552 98
459 506 486 554 P.
503 505 639 554 VlRGlLll
658 503 811 553 MARONIS

237 631 343 682 Auditur
354 633 444 682 fractos
455 632 549 682 sonitus
561 633 656 682 imitate
666 635 780 682 tuberum
790 652 798 695 ς
822 645 828 654 ·

237 724 303 772 Tum
314 721 413 786 trepidae
425 722 488 772 inter
501 737 527 771 se
538 729 637 783 coeunt,
649 722 783 786 pennisque
793 729 933 784 wmscont,

237 811 381 875 Spiculaque
392 819 515 862 exacuunt
522 812 620 872 rostris,
632 819 762 875 aptantque
772 813 887 874 lacerws,

235 902 269 951 Et
278 901 343 950 circa
353 917 433 964 regem
445 910 516 964 atque
528 903 581 965 ipsa
591 902 622 950 ad
633 901 748 964 praetoria
756 901 838 951 dense

237 990 384 1052 Miscentur,
395 992 535 1054 magnisque
546 999 634 1040 vocent
642 990 789 1039 clamoribus
799 986 916 1053 bostem.)

238 1079 315 1142 Ergo,
326 1080 367 1130 ubi
379 1095 420 1130 ver
432 1089 508 1130 nectae
520 1081 608 1150 sudum
618 1093 763 1143 composque
774 1077 889 1143 potentis,

235 1168 376 1232 Erumpunt
385 1170 473 1233 portis,
484 1169 655 1230 concurritur,
672 1169 762 1217 {ethere
771 1167 797 1216 ln
809 1168 860 1216 alto

236 1257 276 1306 Fit
287 1259 392 1319 sonitus,
404 1273 520 1320 magnum
531 1259 615 1308 mixtae
625 1259 792 1319 glomerantur
803 1257 829 1305 in
841 1258 936 1318 orbem,

168 1346 171 1353 '
237 1347 423 1411 Praecipitesque
433 1348 530 1396 cedunt.
564 1350 621 1396 Non
632 1346 731 1396 densior
741 1361 796 1396 aere
806 1347 909 1408 grando,

236 1437 288 1486 Nec
298 1436 329 1486 de
339 1445 562 1490 concussutantum
574 1437 638 1500 pluit
647 1435 705 1486 ilice
713 1436 817 1497 glandis.

236 1525 284 1588 lpsi
296 1540 339 1589 per
352 1526 443 1574 medias
456 1527 529 1586 acies,
540 1526 676 1588 insignibus
688 1526 745 1588 ulis,

236 1615 342 1677 lugentis
353 1616 448 1664 animos
460 1623 561 1676 angusto
571 1615 598 1663 in
609 1624 706 1678 pectore
716 1623 823 1676 versant,

234 1706 318 1768 Usque
329 1705 389 1754 adeo
400 1705 485 1753 obnixi
496 1719 546 1752 non
558 1705 654 1765 cedere,
665 1704 723 1752 dum
734 1704 814 1766 gravis
824 1712 866 1753 aut
878 1704 934 1764 bos,

233 1795 284 1842 Aut
294 1794 340 1842 hos
352 1808 422 1843 versa
433 1794 490 1854 iuga
501 1793 577 1842 victor
589 1793 646 1842 dare
657 1801 725 1855 terge
736 1793 838 1856 subegit.

235 1881 268 1933 Hi
276 1892 357 1932 motus
369 1884 508 1932 animorum
520 1891 591 1944 etque
601 1884 653 1932 baec
665 1883 799 1933 certamine
809 1891 877 1933 mute

233 1973 343 2021 Pulveris
354 1972 436 2034 exigui
444 1974 511 2032 Juctu
522 1973 794 2035 conpressa-quiescunt.

263 2062 366 2120 Verum,
374 2060 416 2110 ubi
427 2060 538 2110 ductores
549 2060 601 2110 acie
611 2061 760 2110 revocaveris
771 2062 853 2122 umbo,

230 2149 343 2198 Deterior
354 2150 395 2212 qui
406 2150 482 2210 vism,
493 2164 560 2209 eum,
573 2165 605 2198 ne
617 2150 730 2212 prodigus
741 2149 817 2211 obsit,

229 2239 296 2288 Dede
305 2240 356 2288 neci
368 2260 375 2302 ς
394 2239 480 2289 melior
489 2254 564 2288 vacua
574 2240 627 2288 sine
639 2248 723 2301 regnet
733 2241 759 2290 iu
770 2241 834 2289 aeds.

228 2330 298 2378 Alter
311 2329 358 2378 erit
369 2329 470 2378 maculis
481 2344 541 2378 euro
552 2329 718 2391 squalentibus
729 2329 816 2379 ardeus
826 2350 840 2392 3-

230 2421 294 2468 Nam
306 2419 355 2468 duo
365 2426 423 2468 suut
433 2433 537 2480 genera,
554 2418 594 2467 bic
606 2418 704 2478 melior,
714 2418 817 2480 insignis
829 2426 915 2479 more,

228 2508 261 2556 Et
271 2507 351 2556 rutilis
362 2509 442 2556 clarus
453 2507 573 2568 squamis:
592 2507 635 2555 ille
644 2507 760 2556 horridus
770 2507 832 2555 alter

229 2595 337 2656 Desidia,
346 2597 468 2659 latamque
480 2597 578 2644 trahens
590 2596 709 2656 inglorius
719 2592 809 2644 uirum.

229 2686 265 2734 Ut
275 2684 338 2732 binae
350 2699 432 2744 regum
445 2683 528 2742 iacies,
540 2684 575 2731 ita
585 2698 688 2746 corpora
698 2684 786 2747 plebis.
926 2750 928 2753 v

224 2775 336 2835 Namque
347 2766 400 2822 uli'ae
412 2781 494 2834 turpes
506 2774 622 2831 horrent:
640 2787 695 2833 ceu,
707 2774 806 2837 pulvere
817 2775 848 2822 ab
860 2775 911 2824 ulto

225 2863 307 2916 Quum
318 2861 394 2921 venit,
405 2870 430 2910 et
438 2862 502 2912 sicco
510 2871 601 2911 terram
611 2863 677 2926 spuit
683 2877 727 2911 ore
736 2862 815 2912 viator
951 2838 958 2850 ’

221 2951 312 3000 Aridus
322 2971 330 3015 3
347 2953 444 3000 elucent
455 2953 519 3012 uliae,
531 2961 556 3001 ct
567 2953 662 3012 fulgore
673 2960 804 3001 coruscant

223 3041 344 3090 Ardentes
356 3056 416 3091 auro
428 3049 453 3090 et
463 3042 560 3105 paribus
570 3041 615 3088 lim
626 3056 729 3105 corpora
738 3041 822 3102 guttis.

221 3132 281 3179 Herc
294 3129 375 3193 potior
386 3131 500 3193 suboles3
517 3129 575 3178 hinc
586 3129 643 3179 ooeli
654 3138 764 3192 tempore
775 3138 842 3180 certo
