2334 3734
377 548 576 602 GEORGICON
598 555 662 605 ΜΒ.
684 558 725 607 lv.
907 563 952 610 1⁰5

145 671 304 735 mudantur,
315 673 385 725 violae
397 679 508 729 sublucet
518 695 627 746 purpura
638 685 728 748 ulem

145 760 215 822 Saepe
226 761 300 811 deum
311 765 381 814 nexis
393 775 486 816 oruetae
495 770 623 832 torquibus
633 787 682 822 srae
692 795 700 836 3

144 851 224 914 Asper
234 852 261 901 iu
273 868 317 903 ore
328 869 415 918 sapor3
432 859 510 908 tunsis
522 859 547 908 in
558 863 664 912 vallibus
676 864 747 915 illum

144 939 259 990 Pastores
270 951 295 991 et
306 959 380 994 curra
390 947 474 1008 legunt
485 963 559 1011 prope
571 951 674 1003 flumina
685 956 776 1005 Mellse.

144 1029 223 1090 Hujus
234 1031 338 1081 odomto
348 1035 441 1084 radices
453 1036 555 1100 incoque
566 1041 675 1101 Bacche,

144 1119 286 1182 Pabulsque
298 1121 426 1173 lusoribus
437 1125 515 1187 plenis
526 1127 620 1191 adpone
631 1130 752 1181 canistris.

174 1209 234 1270 Sed,
246 1211 268 1259 si
280 1225 351 1274 quem
364 1215 446 1276 proles
457 1217 538 1266 subito
550 1217 667 1270 deiecerit
677 1204 782 1283 omnis,⁸
855 1261 858 1266 .

142 1299 204 1359 Nec,
216 1314 292 1360 genus
304 1302 369 1352 unde
380 1319 449 1354 novae
460 1306 543 1369 stirpis
555 1317 692 1370 revocetur,
703 1311 818 1375 habebit3

140 1388 248 1451 Tempus
260 1397 285 1439 et
295 1391 393 1441 Arcadii
403 1396 563 1445 memoranda
573 1397 788 1462 inventemegisni

142 1478 261 1541 Pendere,
273 1496 369 1544 qunque
380 1485 454 1534 modo
464 1487 534 1535 cresis
542 1489 595 1548 jam
606 1503 670 1552 sepe
676 1492 787 1550 iuuencis

143 1567 282 1619 insincerus
294 1585 350 1634 apes
360 1573 446 1622 tulerit
456 1587 538 1626 cruror.
570 1579 653 1627 Altius
663 1594 764 1629 omnem

37 1706 40 1712 ,
141 1655 277 1720 Erpedinm
289 1661 369 1722 prima
379 1671 490 1726 repetens
502 1666 533 1714 ab
544 1665 639 1728 origiue
649 1669 749 1717 fumum.

140 1745 204 1794 Nam
216 1762 265 1808 qua
276 1749 359 1798 Pellaei
370 1765 429 1812 gene
441 1753 566 1803 inminuta
578 1757 672 1820 Canopi

138 1834 237 1886 Adcolit
248 1838 325 1886 eliirso
337 1847 490 1901 stagnantem
504 1843 606 1893 flumine
618 1845 714 1907 Nilum,

138 1926 170 1974 Et
181 1924 274 1975 circum
285 1927 357 1989 pictis
368 1909 464 1979 vehitsu
476 1945 520 1980 sua
531 1947 591 1982 mea
602 1934 702 1998 faselis3

139 2014 241 2076 Quaque
253 2015 398 2078 pharetrate
408 2018 498 2068 vicinia
510 2021 615 2070 Persidis
627 2031 723 2084 urguet,

138 2102 187 2152 *lit
198 2102 301 2152 viridem
311 2107 441 2169 AEgyptum
452 2108 522 2169 nigra
532 2109 647 2159 fecundat
657 2114 760 2172 arcun*

138 2189 187 2240 ilit
198 2191 294 2242 diversa
304 2208 377 2244 ruem
389 2203 481 2258 septem
492 2197 608 2247 discurrit
618 2199 645 2248 in
656 2202 718 2249 ors⁸

138 2282 222 2344 Usque
233 2284 348 2332 coloratis
358 2284 438 2333 amuis
449 2284 554 2336 devexus
566 2288 596 2336 ab
608 2288 675 2338 ludis
686 2309 694 2351 3

137 2369 226 2421 Omnis
238 2371 263 2422 in
274 2373 320 2422 linc
330 2382 422 2424 certum
434 2376 502 2438 regio
509 2377 570 2439 jacit
579 2385 632 2427 arte
642 2380 755 2430 salutem.

136 2460 247 2522 Exiguus
257 2463 375 2526 primum,
387 2472 458 2527 atque
468 2466 535 2530 ipsos
545 2475 685 2517 contractus
696 2468 728 2517 sd
737 2483 807 2530 usus,

136 2549 243 2613 Eligitur
254 2553 322 2602 locus
333 2573 339 2602 ε
356 2555 422 2604 hunc
433 2557 576 2620 angustique
587 2556 689 2607 imbrice
699 2558 757 2609 tecti

136 2639 322 2704 Parietibusque
331 2652 447 2706 premunt
458 2644 527 2706 artis,
540 2653 565 2694 et
575 2653 679 2708 quaeror
690 2647 793 2710 addunt,

135 2730 248 2784 Querunr
259 2745 274 2780 s
284 2732 373 2792 ventis,
384 2721 483 2796 obliqua
493 2735 547 2784 luce
559 2735 686 2785 fenestras.

134 2819 200 2868 Tum
211 2819 313 2881 vitrrlus,
324 2821 392 2870 bime
402 2837 506 2872 curvans
515 2799 568 2884 jum
579 2839 672 2873 cornua
683 2826 775 2887 fronte,

135 2907 274 2962 Quaeritru:
291 2907 349 2959 huic
360 2911 461 2972 gemlnae
473 2927 544 2962 nares
555 2921 580 2961 ct
591 2913 691 2977 spiritus
701 2914 752 2962 cris

134 2995 216 3046 Mults
226 2998 358 3047 reluctanti
369 2999 492 3062 obruitur,
504 3001 628 3064 plagisque
637 3009 747 3064 peremto

134 3086 221 3135 'limen
230 3099 274 3149 per
286 3071 408 3150 integram
420 3090 547 3140 solvuntur
559 3090 652 3139 viscera
661 3090 760 3152 pellem.

134 3175 176 3226 Sic
187 3174 296 3240 positum
309 3176 335 3225 ln
346 3177 429 3228 clauso
440 3178 565 3242 linquunt,
577 3186 604 3227 et
613 3191 696 3227 rumen
705 3179 779 3228 costis
