2334 3734
195 511 244 562 tot
419 507 447 555 P.
463 503 602 556 virtulum
619 499 773 551 MARONIS

198 644 263 692 Luoe
273 639 341 690 redet
350 644 432 688 ouotoo
443 643 487 686 aut
496 632 588 684 summi
599 629 707 682 orrlmine
717 627 786 690 teeti,

194 730 316 782 'turrinis
327 736 370 779 aut
380 727 446 788 altis,
457 733 483 776 et
493 739 592 787 maguae
603 723 702 774 territat
711 720 797 783 urbia,

196 826 259 874 Tam
270 822 322 872 ficti
333 822 448 886 pravique
458 828 544 879 tenax,
556 831 630 882 quam
640 814 728 866 nuntia
737 813 797 865 veri.

199 917 258 965 Haec
269 922 323 964 tum
335 909 464 976 multiplici
475 910 579 974 populos
590 921 704 958 sermone
714 905 824 969 replebat

95 1022 98 1028 ·
198 1004 324 1065 Gaudent,
335 1011 360 1052 et
371 1002 461 1066 pariter
472 1001 538 1049 tacta
548 1006 621 1062 atque
631 997 722 1046 infecta
731 995 848 1044 cauebatz

198 1095 300 1145 Venisse
311 1096 417 1153 AEueau,
428 1094 538 1154 Troiano
548 1105 564 1140 a
573 1087 693 1151 sanguine
704 1093 809 1146 cretum,

199 1185 246 1236 Cui
257 1199 283 1234 se
295 1185 381 1249 pulcra
391 1182 444 1232 viro
455 1181 568 1244 dignetur
574 1181 679 1242 jungere
690 1175 772 1239 Dido,

200 1277 272 1325 Nunc
284 1273 391 1324 hiemem
402 1273 466 1322 inter
477 1286 504 1321 ae
514 1273 587 1332 luxu,
599 1282 672 1332 quam
682 1269 767 1330 longa,
778 1265 860 1314 fovere

198 1368 338 1428 Regnorum
349 1363 510 1422 inmemorem,
521 1359 635 1424 turpique
646 1356 759 1423 cupidine
770 1362 862 1419 captor.

199 1458 258 1506 Hae
268 1454 360 1519 passim
371 1454 418 1504 deo
427 1453 494 1502 foedo
501 1451 582 1501 virum
593 1448 707 1500 diffundit
716 1447 742 1497 in
753 1460 806 1496 ora.

94 1589 99 1606 ,
199 1545 315 1596 Protinus
326 1546 357 1594 ad
367 1559 449 1607 regem
459 1557 545 1594 erutus
555 1542 685 1604 detorquet
695 1538 793 1598 Iarban,

199 1636 357 1699 Incenditque
368 1636 479 1685 animum
490 1633 571 1695 diona,
582 1640 655 1696 atque
666 1635 763 1692 aggerat
772 1626 828 1676 iras.

231 1727 278 1777 ilic
290 1729 429 1777 Hammone
439 1733 516 1787 satus,
527 1731 598 1788 rupta
609 1719 783 1772 Garamantide
794 1717 919 1782 Nympha,

196 1817 301 1880 Templa
310 1816 368 1867 Jovi
378 1812 665 1866 centumlatirinmania
678 1809 770 1872 regnis,
936 1797 939 1801 ’

199 1908 304 1957 Centum
315 1919 368 1955 arat
380 1905 477 1968 posuit3
494 1903 640 1966 vigilemque
651 1909 786 1960 edomuerat
796 1900 888 1963 ignem,

137 2066 141 2072 1
197 1994 318 2045 Excubiae
329 1994 411 2043 divom
422 2002 542 2056 eternam
558 1991 727 2056 pecudumque
737 2005 826 2041 cruore

196 2085 289 2147 Pingue
301 2085 393 2144 solum,
403 2090 429 2133 et
439 2082 513 2132 variis
524 2081 639 2132 florentia
650 2080 738 2133 limina
747 2081 828 2132 sertis.

195 2176 267 2239 isque
278 2189 362 2225 amens
373 2174 459 2237 animi,
471 2183 497 2226 et
507 2189 607 2226 rumore
616 2175 733 2226 adrentus
745 2189 841 2237 amaro,

195 2263 290 2315 Dicitur
301 2273 358 2314 ante
368 2278 433 2326 aras,
445 2265 526 2314 media
535 2265 600 2315 iuter
611 2265 717 2316 numina
725 2265 816 2326 divom,

196 2355 278 2404 Multa
287 2355 376 2404 lovem
385 2355 500 2408 manibus
511 2357 616 2420 supplex
627 2369 710 2406 orasse
722 2354 829 2420 rupinis:

193 2444 307 2509 luppiter
317 2445 483 2509 omnipotens,
494 2446 534 2495 cui
545 2459 612 2495 nuno
623 2445 751 2495 Maurusia
760 2444 832 2508 pictis

195 2535 262 2584 Gens
272 2536 370 2598 epulata
380 2535 441 2585 toria
454 2537 570 2585 Lenaeum
580 2535 643 2585 libat
652 2537 784 2595 honorem,

193 2623 305 2687 Adspicis
315 2625 387 2674 hmo?
422 2628 463 2674 An
475 2633 511 2686 te,
523 2626 629 2687 genitor,
641 2639 716 2688 quum
728 2623 834 2673 tirlmina
843 2631 953 2687 torquet,

194 2714 364 2778 Nequidquam
374 2715 525 2763 horremus?
543 2714 649 2778 trucique
659 2714 685 2762 in
697 2713 801 2763 nubibus
813 2713 880 2776 ignea

192 2803 339 2852 Territioout
348 2803 455 2865 animos,
466 2811 492 2852 et
500 2802 584 2852 inania
594 2816 722 2852 murmura
732 2802 853 2854 miscent?

191 2891 302 2953 Femina,
313 2907 367 2956 quae
378 2892 469 2942 nostrie
480 2905 565 2942 urano
575 2892 602 2941 in
615 2890 706 2942 finibus
716 2895 803 2944 urbem
913 2868 917 2884 ”

189 2980 311 3043 Exiguam
321 2980 400 3044 pretio
411 2979 502 3044 poenit,
514 2981 554 3030 cui
565 2981 624 3031 litus
634 2981 765 3044 arandum,

192 3069 286 3132 Cuique
295 3069 346 3118 loci
356 3071 421 3132 leget
431 3052 554 3132 dedimus,
564 3071 688 3122 connubia
699 3051 783 3123 nostru

189 3159 297 3223 Repulit,
309 3173 337 3209 ac
345 3160 473 3211 dominum
483 3163 578 3212 AEneau
591 3163 616 3212 in
628 3177 704 3226 regna
713 3163 812 3228 recepit.
