2334 3734
214 542 262 590 364
386 568 391 577 ·
424 538 606 588 P.V1Rt}1b11
622 538 774 589 MARONlS
858 591 861 595 ,

215 669 303 716 Evolat
314 666 412 727 infelix,
424 674 458 727 et,
470 667 575 716 femineo
584 667 691 727 ululatu,

214 756 295 806 Scissa
304 770 410 815 comam,
420 770 505 809 muros
515 770 600 804 amens
611 763 683 817 atque
694 753 792 816 agmina
799 769 873 805 consu

215 845 299 894 Prima
308 846 381 907 petit:
400 858 450 893 non
462 845 506 893 ills
516 844 606 909 sirum,
619 858 668 893 non
680 844 723 892 illa
733 843 828 907 pericli,

214 934 380 995 Telornmque
390 948 499 996 memor;
516 935 606 983 coelnm
618 934 706 983 dehinc
717 934 840 995 questibus
851 933 942 997 inplet:

157 1019 161 1026 ’
215 1023 288 1071 Hunc
297 1036 342 1083 ego
353 1030 387 1082 te,
398 1025 514 1086 Euryale,
525 1024 651 1086 adspicio?
670 1032 740 1084 tune,
751 1024 795 1072 illa
805 1030 909 1073 senecta

214 1112 274 1162 Sera
284 1126 345 1160 meas
355 1114 461 1174 requies,
472 1113 572 1175 potuisti
582 1113 692 1174 linquere
704 1115 792 1173 solam,

216 1200 343 1249 Crudelis?
361 1216 407 1250 nee
418 1209 452 1262 te,
464 1204 509 1251 sub
520 1210 588 1251 tanta
599 1203 705 1265 pericula
715 1202 829 1263 missum,

213 1289 300 1338 Adiari
309 1297 446 1350 extremum
457 1290 551 1356 miseren
562 1290 619 1339 data
629 1290 699 1352 eopia
710 1292 783 1339 matri
794 1293 804 1337 ἓ

214 1380 281 1440 Heu,
292 1387 358 1428 terra
368 1380 451 1440 ignota
460 1380 560 1436 canibus
571 1378 627 1427 date
638 1378 719 1442 preda
730 1378 822 1427 Latinis

215 1468 369 1529 Alitibnsque
377 1471 443 1528 jnces
453 1472 459 1515 !
477 1482 522 1516 nee
532 1477 557 1516 te
566 1475 610 1515 tua
620 1468 706 1515 funera
717 1475 795 1516 mater
825 1506 835 1523 .

216 1558 336 1619 Produxi,
346 1558 451 1620 pressive
462 1558 558 1617 oculos,
569 1563 612 1605 aut
623 1553 724 1605 vulnera
734 1556 793 1617 levi,

216 1649 289 1696 Veste
299 1656 383 1708 tegens
392 1647 462 1709 ,tibi
473 1661 545 1709 qnam
556 1653 640 1695 noctes
652 1646 741 1694 festina
751 1644 849 1708 diesque

215 1738 366 1799 Urguebam,
378 1745 404 1786 et
413 1738 463 1785 tela
473 1750 544 1784 curas
556 1736 652 1783 solabar
663 1734 743 1783 anilis.

215 1827 270 1881 Quo
282 1828 387 1888 sequar?
407 1834 448 1888 aut
458 1841 511 1887 quas
523 1840 588 1901 nunc
599 1834 676 1884 artus,
688 1825 816 1887 avolsaque
825 1825 943 1885 membra,

215 1910 248 1958 lit
257 1912 332 1958 funus
345 1911 452 1958 lacerum
463 1910 536 1958 tellus
546 1910 639 1958 babet?
658 1910 706 1957 hoc
717 1910 778 1957 mihi
789 1909 819 1958 de
830 1917 865 1969 te,

217 1998 291 2057 Nate,
302 1997 397 2045 refers?
417 1998 463 2045 hoc
474 2012 528 2045 sum
538 2005 651 2059 terraque
664 1998 772 2063 meriqpe
780 2000 880 2047 secuta?

216 2084 294 2145 Figite
305 2099 355 2146 me,
365 2085 387 2133 si
399 2093 492 2146 quaest
502 2085 578 2154 pietas
590 2106 597 2147 ;
616 2086 641 2133 in
653 2100 692 2133 me
702 2085 786 2133 omnia
795 2086 846 2134 tela

219 2172 349 2234 conjicite,
360 2188 376 2221 o
388 2174 472 2223 Rutuli
482 2194 490 2235 3
508 2189 548 2223 me
558 2174 662 2238 primam
673 2174 792 2222 absumite
803 2174 885 2223 ferro:

216 2263 268 2310 Aut
278 2269 316 2323 tu,
327 2276 415 2323 magne
425 2271 493 2325 pater
504 2263 596 2323 divom,
609 2262 734 2321 miserere,
746 2269 837 2324 tuoque

217 2348 327 2398 lnrisnm
336 2352 384 2399 boc
395 2350 496 2400 detrude
507 2359 580 2414 caput
592 2351 636 2399 sub
647 2352 750 2399 Tartara
760 2352 824 2399 telo:

216 2438 320 2493 Quando
330 2439 402 2488 aliter
412 2454 506 2501 nequeo
517 2440 641 2489 crudelem
654 2440 798 2501 abrumpere
807 2438 890 2489 vitam.

217 2528 271 2576 Hoc
284 2528 465 2577 detu'concussi
476 2527 562 2587 animi,
574 2535 719 2589 maestusque
731 2541 773 2589 per
784 2526 864 2577 omnis

216 2618 240 2664 lt
250 2617 353 2677 gemitus
366 2637 373 2678 ;
391 2624 489 2677 torpent
498 2616 608 2665 infractae
621 2617 651 2665 ad
663 2616 751 2679 prcelia
757 2616 829 2665 vires.

218 2704 291 2752 Illam
300 2703 470 2752 incendentem
482 2705 561 2753 luctum
574 2704 652 2755 ldaeus
664 2712 689 2753 et
699 2706 785 2763 Actor,

216 2783 304 2841 Ilionei
314 2793 410 2841 monitu
420 2800 445 2841 et
456 2794 561 2841 multum
571 2793 721 2842 lacrimantis
734 2791 792 2852 luli,

217 2881 373 2945 Conripiunt‚
385 2883 497 2944 interque
507 2897 595 2932 munus
607 2886 653 2932 sub
663 2892 726 2934 tecta
736 2893 865 2949 reponunt

247 2971 282 3018 At
292 2972 351 3019 triba
361 2971 494 3031 terribilem
506 2971 613 3020 sonitum
625 2974 710 3033 procul
721 2988 866 3023 aereesnoro

218 3059 347 3121 l'nerepuit
361 3117 363 3122 Ι
380 3060 495 3121 Sequitur
506 3060 608 3119 clamor,
619 3061 757 3124 coelumque
770 3062 882 3124 remugit.

216 3144 362 3195 Adcelerant
371 3155 426 3197 acta
435 3147 525 3209 puriter
536 3147 656 3197 testudine
667 3150 750 3200 Volsci
761 3171 770 3212 3
