2334 3734
195 538 243 587 236
435 534 462 582 P.
479 534 616 585 VlRGlLll
634 534 791 585 Minonis

196 666 321 717 instarem
333 679 422 727 magna
431 664 551 728 preconis
561 679 622 715 uoce
633 664 784 715 Cloanthum

198 758 321 819 Declarat,
332 756 451 819 viridique
463 756 558 805 advelat
568 764 682 819 tempora
691 758 777 818 lauro3

198 848 350 909 Muneraque
362 846 387 895 in
399 845 467 894 navis
478 853 562 895 ternos
574 853 660 909 optare
668 848 785 907 juvencos

196 937 317 1000 Vinaque,
330 936 459 998 clangenti
470 950 587 999 magnum
599 937 641 986 dat
651 938 716 987 ferre
726 937 855 987 mmm.

164 1018 169 1033 ⁸
200 1026 260 1090 ipsis
271 1026 406 1090 praecipuos
418 1018 561 1076 ductoribus
575 1026 643 1075 addit
653 1027 775 1077 honores:

145 1132 149 1141 “
200 1116 293 1166 Victori
303 1116 456 1181 chlamydem
468 1124 590 1177 auratam,
601 1131 675 1179 quam
686 1115 794 1180 plurima
804 1112 897 1165 circum

110 1242 117 1249 .
198 1207 309 1268 Purpura
320 1205 448 1254 Maeandro
460 1204 551 1268 duplici
562 1203 681 1253 Meliboea
690 1203 816 1265 cucurrit3

200 1296 358 1357 Intentusque
370 1308 430 1357 puer
442 1294 560 1343 frondosa
570 1294 651 1355 regius
662 1293 706 1343 Ida

200 1366 297 1434 Velocis
306 1386 389 1447 jaculo
401 1399 485 1435 cervos
496 1398 619 1447 cursuque
631 1384 717 1446 fatigat
758 1384 761 1388 ’

201 1475 273 1535 Acer,
285 1474 411 1525 anhelanti
422 1474 521 1537 similis,
533 1490 607 1539 quem
618 1487 712 1537 praepes
722 1473 754 1523 ab
766 1472 810 1522 Ida

199 1564 334 1613 Sublimem
346 1565 447 1627 pedibus
458 1565 540 1629 rapuit
548 1564 620 1615 iovis
630 1564 735 1625 armiger
746 1562 824 1613 uncis.

199 1653 312 1714 Longari
323 1655 417 1717 palmas
427 1654 592 1717 nequidquam
604 1654 636 1703 ad
645 1652 728 1703 sidera
737 1652 844 1703 tendunt
859 1716 862 1725 1

200 1742 319 1792 Custodes
329 1763 338 1804 ;
356 1744 473 1805 saevitque
483 1758 572 1793 canum
584 1745 688 1793 latratus
698 1743 725 1791 in
735 1756 817 1793 auras.

198 1831 285 1895 Atqui
296 1832 383 1881 deinde
394 1834 477 1881 locum
489 1832 570 1881 tenuit
582 1832 676 1882 virtute
687 1832 832 1893 secundum,

201 1921 311 1971 Levibus
322 1921 380 1970 huic
390 1921 471 1970 hamis
482 1928 621 1974 consertam
632 1903 742 1984 armoque
753 1922 859 1972 trilicem

202 2010 324 2073 Loricam,
336 2024 409 2073 quam
421 2011 540 2060 Demoleo
552 2010 692 2060 detraxerat
702 2010 756 2074 ipse

202 2100 286 2149 Victor
296 2101 361 2164 apud
371 2099 484 2165 rapidum
496 2100 625 2150 Simoenta
636 2102 682 2151 sub
694 2100 741 2160 llio
751 2102 814 2162 alto,

201 2192 283 2239 Donat
293 2190 384 2241 habere
393 2190 457 2252 viro,
468 2191 541 2241 d'ecus
556 2199 581 2241 et
591 2199 702 2243 mmmen
713 2191 740 2241 in
751 2192 836 2242 armis.

199 2279 248 2328 Vix
259 2280 328 2329 illam
340 2280 428 2331 famuli
439 2281 549 2344 Phegeus
561 2282 707 2344 Sagarisque
718 2283 829 2334 ferebant

202 2368 628 2444 Multiplicemconuixihumeris:
646 2372 854 2424 indutusatolim
938 2442 941 2445 .
1043 2418 1049 2431 ,

201 2460 332 2508 Demoleos
343 2470 416 2508 cursu
427 2461 532 2523 palantis
543 2463 623 2511 Troas
634 2463 727 2524 agebat.

201 2547 286 2597 'sertia
295 2547 361 2597 dona
371 2550 431 2599 facit
439 2551 550 2611 geminos
561 2566 594 2601 ex
605 2568 654 2603 iere
664 2554 774 2615 lebems3

202 2638 349 2701 cymbiaque
361 2647 461 2700 argento
473 2641 581 2702 perfecta
594 2650 668 2704 atque
677 2656 764 2707 aspera
773 2642 857 2705 εἰμὴ

201 2727 216 2775 J
219 2740 306 2788 amque
317 2726 377 2775 adeo
388 2727 472 2777 donati
483 2742 580 2791 omnes,
593 2718 728 2795 opibusque
738 2732 846 2797 superbi,

203 2816 315 2865 Puniceis
327 2815 395 2865 ibant
405 2818 493 2867 evincti
503 2826 616 2882 tempora
625 2822 713 2871 tanlsz

202 2908 285 2961 Quum
297 2922 361 2957 savo
372 2923 386 2958 e
397 2911 498 2972 scopulo
510 2912 589 2962 multa
598 2911 641 2960 vix
651 2919 706 2961 arte
717 2913 838 2973 revolans,

201 2996 305 3047 Amissis
316 2999 402 3061 remu,
413 3008 486 3063 abque
495 3001 583 3053 ordine
593 3002 680 3051 debilis
692 3016 754 3063 uno,

202 3087 306 3137 inrisam
318 3088 371 3138 sine
381 3090 477 3141 honore
488 3099 567 3141 ratem
579 3093 707 3154 Sergestus
717 3094 810 3155 agebat.

201 3175 287 3229 Qualis
299 3190 362 3239 sape
372 3178 417 3227 viae
428 3178 562 3242 deprensus
573 3180 600 3229 in
611 3194 696 3242 aggere
707 3196 818 3246 serpent,
858 3232 865 3244 .
