2334 3734
359 510 539 562 Buconica.
557 511 628 562 ECL.
645 514 687 561 Vl.
903 513 931 560 tt

124 636 173 686 llis
183 637 304 700 adjungit,
316 638 397 702 Hylan
408 647 489 690 nauus
499 653 548 702 quo
559 640 627 690 toute
637 639 751 690 relietum

126 729 293 789 clamassent,
304 737 333 778 ut
343 728 412 789 lites,
425 729 498 792 Hyle,
511 730 584 793 Hyla,
595 743 669 780 omne
679 737 795 791 sennen

124 818 159 866 Et
171 817 333 879 fortunatam,
345 818 367 866 si
378 831 503 880 nunquam
513 827 626 867 armema
634 819 749 880 iuuant,

126 905 264 969 Pasiphaen
276 906 341 956 nivei
351 907 443 956 solatrr
454 920 537 956 amore
544 907 651 968 iuvenci.

127 995 180 1057 Ah,
190 994 259 1057 virgo
269 996 368 1056 infelix,
378 1009 432 1058 qua
443 1003 468 1046 te
477 995 601 1046 dementia
608 995 674 1059 oepit
683 998 691 1044 Ξ

128 1083 250 1133 Proetides
261 1084 387 1146 inplerunt
396 1083 464 1134 falsis
475 1083 607 1146 mugitibus
620 1098 706 1146 egros:

126 1174 163 1222 At
174 1187 225 1222 non
235 1181 287 1222 tam
297 1173 376 1235 turpis
387 1173 507 1236 pecudum
516 1181 600 1222 tamen
609 1175 662 1222 ulla
673 1182 757 1224 muta
765 1181 804 1223 est

130 1263 294 1324 concubitu,
304 1264 414 1325 quamvis
424 1264 491 1312 eollo
501 1263 624 1314 timuisset
633 1273 753 1326 mm,

129 1353 163 1400 Et
174 1366 239 1414 saepe
249 1352 275 1400 in
286 1351 335 1400 leri
346 1352 470 1414 quaesisset
479 1366 573 1402 cornua
586 1353 676 1403 ironta

129 1442 182 1503 An,
194 1425 266 1502 virgo
274 1441 372 1501 infelix,
383 1449 411 1490 tu
421 1455 486 1492 nune
498 1442 524 1490 in
535 1442 659 1492 montibus
670 1456 755 1505 erran
782 1475 785 1480 -

130 1529 188 1597 llls,
199 1529 264 1578 letus
276 1529 374 1578 niveum
385 1529 455 1578 molli
465 1530 541 1579 iultus
552 1530 693 1594 hyacintho,

132 1619 193 1668 llice
205 1620 250 1668 sub
261 1619 332 1680 nigra
341 1619 454 1682 pallentis
464 1619 573 1670 nminat
582 1621 688 1683 herbam

134 1710 185 1758 Aut
194 1707 302 1771 aliquam
313 1707 339 1756 ln
351 1721 438 1770 magno
448 1708 557 1770 sequitur
567 1713 652 1772 grege!
671 1708 793 1771 Claudite,
806 1708 936 1772 Nymphis,

134 1798 233 1848 Dictaeae
245 1799 375 1862 Nymphae,
386 1813 516 1848 nemorum
524 1801 577 1861 jam
586 1799 692 1850 claudite
702 1801 796 1862 saleru

135 1887 162 1936 Si
174 1901 223 1950 qus
229 1887 294 1936 forte
306 1887 386 1936 ierant
397 1887 475 1938 oculis
486 1901 539 1938 sese
550 1888 622 1937 obvia
632 1889 723 1938 nostis

135 1975 283 2025 Errabunda
292 1976 360 2024 bovis
370 1976 470 2038 vestigia
478 1997 486 2038 ς
503 1976 607 2025 forsitan
618 1977 688 2024 illum

137 2067 189 2114 Aut
199 2065 276 2114 herba
285 2073 383 2128 captum
394 2064 477 2125 viridi,
488 2073 531 2114 aut
541 2072 652 2113 armenta
662 2072 782 2125 mmm,

4 2219 10 2228 ⁸
32 2205 37 2210 ,
138 2153 277 2203 perducant
285 2153 373 2216 aliquae
384 2153 480 2202 stabula
490 2151 521 2205 ad
533 2152 651 2216 Gortynia
662 2166 748 2202 vacere.

137 2245 203 2293 Tum
214 2243 281 2292 canit
292 2242 454 2306 Hesperidum
465 2241 579 2292 miratm
590 2237 655 2290 mal'a
664 2242 780 2304 puellam.

29 2407 33 2414 .
137 2335 205 2382 'l'nm
216 2331 419 2382 Phaethontiades
430 2346 514 2381 musco
525 2331 660 2382 drcumdat
670 2344 759 2380 amm

141 2421 258 2482 Cortieis,
269 2430 340 2484 atqm
351 2422 404 2470 solo
414 2435 528 2485 proceras
540 2420 613 2482 erigit
622 2421 701 2469 alum.

140 2516 206 2562 'lum
217 2513 294 2574 canit,
304 2519 426 2562 errantem
439 2510 559 2560 Permessi
568 2511 600 2559 ad
608 2508 710 2558 flumina
720 2508 820 2557 Gallum

141 2604 226 2652 Aonas
237 2602 264 2650 in
277 2601 366 2650 montis
376 2609 405 2650 ut
414 2599 512 2649 duxerit
521 2613 572 2648 una
581 2612 711 2659 sororum3

142 2688 226 2748 thue
236 2686 290 2736 viro
302 2685 387 2734 Phoebi
397 2685 487 2734 chorus
499 2681 665 2732 adsurrexerit
675 2680 773 2743 omnis3

142 2779 180 2828 Ut
192 2776 269 2826 Linus
279 2776 332 2826 lutee
343 2774 391 2835 illi,
403 2773 486 2823 divino
496 2772 605 2822 carmine
615 2778 708 2835 pastor,

142 2866 257 2916 Floribus
269 2873 340 2927 atque
350 2863 405 2927 apio
416 2863 491 2912 crinis
502 2867 603 2911 ornatus
613 2873 707 2921 amno,

144 2953 255 3004 Dixerit:
275 2955 326 3002 llos
337 2953 381 3002 tibi
392 2951 452 3002 dant
462 2951 578 3010 mauros,
589 2963 621 2998 en
631 2947 724 3010 accipe,
734 2947 824 3005 Mose,

144 3046 246 3093 Ascreo
257 3055 318 3105 quos
329 3048 386 3090 ante
396 3039 464 3102 senl3
481 3039 568 3100 quibus
578 3037 622 3085 ille
630 3036 726 3086 solebat

146 3132 277 3183 Cantando
289 3130 377 3193 rigidas
388 3129 506 3180 deducere
517 3126 641 3178 montibus
650 3138 734 3174 ornos.
