2334 3734
218 513 265 563 260
437 514 465 562 Ρ.
481 513 620 565 visurus!
638 511 792 562 blsaouls
822 512 824 515 ’
873 508 876 513 ’

218 646 276 696 Jam
287 644 393 694 subeunt
401 643 491 695 Trivia
501 645 581 706 moos,
592 651 665 706 atque
675 656 750 693 aurea
759 648 830 692 reeta

250 734 373 793 Daedalus,
383 743 412 784 ut
422 736 488 785 tama
498 743 546 796 est,
557 734 653 797 fugiens
665 733 761 783 Minoia
770 747 856 795 regna,

218 824 367 890 Praepetibus
377 820 464 888 pennis'
475 839 548 874 ausus
559 839 586 873 se
596 824 695 874 eredere
705 825 780 885 ooelo,

219 914 345 963 insuetum
355 929 399 978 per
410 913 457 963 iter
467 913 558 976 gelidas
569 914 651 963 enavit
660 913 692 962 ad
702 914 802 974 Arctos,

220 1004 406 1069 cnuciuieaqne
416 1006 476 1055 levis
487 1006 586 1055 tandem
597 1020 670 1068 super
681 1004 776 1054 adstitit
785 1018 849 1053 aree.

219 1093 336 1144 Redditus
347 1095 386 1144 his
396 1095 503 1159 primum
515 1096 598 1157 terris,
609 1095 665 1158 tibi,
676 1095 777 1155 Phoebe,
789 1093 892 1143 euomuit

218 1183 355 1246 Remigium
367 1186 473 1247 darum,
483 1184 612 1249 posuitque
622 1184 731 1234 inmania
741 1183 840 1247 templa.

219 1274 248 1322 ln
260 1274 354 1323 foribus
364 1276 442 1323 letum
453 1275 591 1337 Androgei:
610 1283 664 1324 urm
675 1274 781 1338 pendere
790 1286 876 1337 poenas

220 1363 359 1427 Cecropidae
366 1364 429 1425 Jussi
444 1363 600 1431 (miserumi)
615 1372 716 1428 septena
727 1364 866 1427 quotannis

220 1452 330 1516 Corpora
341 1462 472 1517 natorum3
490 1463 538 1504 stat
548 1454 628 1503 ductis
639 1454 745 1503 sortibus
755 1468 827 1503 urna

220 1543 313 1593 Contra
322 1544 386 1593 elata
397 1543 460 1592 mari
472 1544 605 1607 respondet
615 1544 709 1593 Gnosia
718 1545 809 1593 ullos:

219 1631 266 1681 llic
276 1632 382 1687 erudelis
393 1647 463 1683 amor
474 1635 549 1695 tauri,
559 1642 722 1697 suppostaque
733 1633 799 1683 furto

219 1722 348 1785 Pasiphae,
361 1724 513 1787 mixtumque
524 1739 611 1786 geum,
622 1713 752 1787 prolesque
762 1721 875 1772 biformis

218 1812 374 1863 Minotaurus
387 1814 460 1875 inest,
472 1813 574 1864 Veneris
586 1821 747 1863 monumenta
757 1812 885 1875 nefandae3

221 1902 267 1951 llic
278 1903 347 1951 labor
358 1903 401 1952 ille
411 1903 509 1965 domus,
521 1911 546 1952 et
557 1903 733 1953 inextricabilis
744 1916 833 1966 error3

219 1993 338 2053 Magnum
349 1992 437 2054 reginae
449 1992 569 2043 sedenim
581 1992 711 2043 miseratus
722 2006 830 2042 amorem

220 2080 344 2143 Daedalua
356 2081 407 2146 ipse
417 2083 487 2132 dolos
498 2082 556 2132 teeti
566 2084 727 2145 ambagesque
738 2081 849 2142 resolvit,

221 2172 292 2221 Gaea
302 2187 387 2236 regens
397 2176 440 2225 rilo
451 2174 560 2237 vestigia.
592 2175 633 2222 'l‘u
649 2187 745 2235 quoque
756 2185 869 2234 magnam

219 2267 316 2316 Partem
327 2280 401 2329 opere
411 2265 437 2314 in
448 2273 527 2326 tanto,
540 2264 633 2319 sineret
643 2264 725 2325 dolor,
737 2265 815 2325 lcare,
826 2264 939 2313 haberes.

220 2356 263 2407 Bis
279 2366 380 2407 constris
390 2363 443 2407 erat
453 2371 523 2407 casus
535 2346 653 2417 effingere
659 2355 685 2404 in
697 2370 770 2405 auro:

219 2447 262 2497 Bis
274 2447 357 2510 patriae
368 2447 476 2497 cecidere
487 2460 582 2495 manus.
616 2444 682 2500 Quin
694 2452 813 2508 protenus
824 2444 909 2494 omnia

221 2536 377 2598 perlegerent
387 2536 478 2585 oculis:
498 2534 524 2585 ni
531 2538 581 2597 jam
593 2536 734 2599 praemissus
744 2535 849 2584 Achates

158 2644 161 2647 ·
219 2624 333 2686 Adforet,
345 2633 417 2687 atque
426 2639 476 2674 una
487 2621 573 2675 Phoebi
585 2625 724 2687 Triviaeque
736 2624 858 2685 saoerdos,

223 2711 347 2777 Deiphobe
359 2714 463 2778 Glauci;
480 2715 545 2764 fatur
556 2728 610 2777 qua
620 2714 681 2763 talia
690 2714 756 2776 regi:

224 2805 282 2852 Non
292 2804 340 2853 lroc
349 2803 397 2853 ista
407 2804 453 2853 sibi
464 2812 560 2869 tempus
571 2806 707 2868 spectacula
717 2803 803 2869 poscit.

225 2894 298 2942 Nunc
309 2908 380 2955 grege
391 2893 422 2943 de
432 2893 523 2944 intacto
534 2902 626 2958 septem
639 2896 866 2955 maetarejnveneos

222 2981 375 3043 Praestiterit,
387 2982 488 3033 totidem
499 2984 574 3033 lectas
586 2984 616 3033 de
628 2998 697 3033 more
706 2984 820 3033 bidentis.

253 3072 354 3121 Talibus
365 3072 445 3121 adfata
456 3071 551 3129 AEnean
567 3074 623 3137 (nec
633 3087 703 3123 sacra
714 3081 841 3123 morantur

218 3165 233 3212 J
237 3178 294 3214 ussa
304 3163 361 3225 viri)
376 3166 484 3213 Teucros
496 3171 568 3214 vocat
578 3165 629 3213 alta
639 3164 665 3213 in
677 3167 770 3229 templu
776 3165 897 3216 sunerdos.
