2334 3734
409 528 566 578 AENEIDOS
583 528 647 576 ulls.
664 529 696 575 X.
830 548 834 555 ·
908 529 955 577 399
985 552 990 571 ι

83 659 84 662 ’
159 658 186 708 Sl
199 670 267 706 mora
277 655 402 720 praesentis
412 656 456 705 leti
466 664 608 719 tempusque
618 656 711 705 οιιιιιιιιο
784 700 788 706 .

158 747 250 796 Orator
258 746 352 807 juveni,
365 759 451 807 meque
461 745 509 793 hoo
520 745 555 794 ita
565 759 657 807 ponere
667 744 743 793 sentis
755 765 761 793 ι

156 835 228 884 Tolle
240 835 297 895 fuga
307 836 431 894 Turnum,
443 841 515 895 atque
526 832 673 883 instantibus
684 834 750 896 eripe
762 833 826 883 tatis.

158 928 280 975 Hactenus
288 926 417 977 indulsisse
428 932 503 973 vacat.
537 925 581 973 Sin
593 924 667 973 altior
678 923 731 973 istis

157 1015 207 1065 Sub
217 1014 328 1078 precibus
340 1014 410 1062 venia
419 1014 472 1061 ulla
482 1015 551 1073 latet,
563 1020 690 1075 totumque
698 1013 791 1061 moseri
840 1058 843 1063 .

157 1104 277 1152 Mutarive
288 1110 358 1165 putas
369 1104 461 1150 bellum
473 1124 478 1151 ι
498 1115 552 1163 spes
564 1101 640 1164 pascis
651 1100 738 1149 inanis.

155 1194 189 1241 Et
199 1194 266 1241 Juuo
278 1192 462 1241 adlacrumans:
480 1191 546 1246 Quid
557 1191 590 1250 si,
602 1191 667 1253 quod
677 1206 736 1240 rone
746 1192 864 1253 marana,

156 1283 240 1332 Mente
250 1284 336 1345 dares3
354 1290 426 1344 atque
437 1283 489 1330 haec
501 1284 587 1330 'lurno
599 1291 652 1331 rata
661 1282 711 1331 vita
721 1287 844 1332 maneret!

157 1374 229 1421 Nunc
240 1380 323 1421 manet
332 1373 455 1421 insontem
466 1372 544 1433 gnada
555 1371 636 1421 exitiis
647 1393 652 1421 :
671 1379 713 1421 aut
723 1386 768 1433 ego
777 1373 830 1422 reri

155 1462 225 1509 Vana
236 1462 311 1511 feror.
344 1461 416 1516 Quod
427 1470 455 1510 ut
465 1476 480 1510 o
491 1460 572 1523 potios
584 1460 716 1510 formidine
726 1462 789 1510 falsa

156 1551 246 1611 hudar,
257 1558 282 1599 et
293 1552 319 1600 in
330 1552 418 1600 melius
429 1559 481 1612 tua,
493 1551 534 1612 qui
546 1560 625 1614 potes,
637 1565 694 1600 orsa
705 1551 828 1600 reflectas!

156 1641 214 1687 Hac
225 1639 267 1688 ubi
278 1640 341 1689 dicta
351 1640 427 1700 dedit,
439 1642 502 1689 eoelo
514 1655 540 1691 se
550 1650 667 1704 protenus
677 1642 728 1689 alto

156 1727 234 1787 Misit,
246 1742 318 1789 agens
329 1728 434 1777 hiemem
445 1728 529 1778 nimbo
540 1729 663 1778 succincta
673 1744 717 1791 per
728 1743 815 1791 auras3

156 1814 302 1877 Iliacamque
313 1816 389 1864 aciem
401 1824 426 1865 et
438 1818 567 1867 Laurentia
577 1826 657 1867 casua
666 1818 759 1881 petivit.

154 1906 219 1953 'lum
230 1905 274 1954 dea
286 1907 349 1967 nube
359 1921 418 1955 cava
428 1914 525 1957 tenuem
537 1908 591 1957 sine
599 1908 691 1956 viribus
702 1909 815 1957 umbram

156 1994 184 2041 ln
193 1994 278 2042 faeiem
290 1996 374 2043 AEnere
389 1996 452 2059 (visu
461 1997 576 2045 mirabile
584 1995 731 2058 monstrum)

155 2081 284 2130 Dardaniis
295 2091 367 2131 ornat
376 2084 449 2145 telis;
466 2085 618 2147 clipeumque
626 2086 744 2146 jubasque

155 2168 239 2217 Divini
251 2168 381 2217 adsimulat
392 2170 475 2231 eapitis
486 2190 495 2231 ;
512 2171 554 2218 dat
564 2170 648 2221 inania
658 2175 747 2235 verba3

155 2262 204 2309 Dat
215 2260 267 2307 sine
278 2268 359 2307 mente
371 2274 470 2320 sonum,
482 2274 624 2323 gressusque
635 2266 727 2325 effingit
736 2264 830 2313 euntis:

155 2351 238 2397 Morte
246 2349 312 2397 obita
323 2350 405 2411 quales
417 2350 482 2397 fama
492 2357 530 2398 est
540 2350 641 2399 volitare
649 2352 748 2413 figuras,

155 2439 207 2485 Aut
216 2453 269 2500 qnae
280 2438 372 2500 sopitos
384 2438 502 2486 deludunt
513 2438 609 2486 somnia
618 2452 711 2487 sensns.

155 2528 190 2575 At
199 2528 289 2590 primas
300 2528 356 2577 laeta
367 2535 422 2576 ante
434 2527 496 2575 acies
507 2529 614 2576 exsultat
625 2526 715 2588 imago,

157 2616 289 2678 lnritatque
298 2618 378 2666 virum
389 2618 455 2676 telis,
467 2624 493 2665 et
503 2631 561 2664 voce
572 2616 678 2665 lacessit.

157 2705 233 2752 Instat
244 2704 283 2753 oui
290 2708 399 2766 liunus,
412 2707 603 2768 stridentemque
613 2705 709 2754 eminus
720 2705 815 2754 hastam

157 2793 278 2855 ConJ'icit3
295 2794 338 2842 illa
348 2795 404 2843 dato
415 2795 488 2843 vertit
499 2794 597 2855 vestigia
606 2802 681 2855 tergo.

155 2876 219 2930 'lum
231 2896 288 2931 vero
298 2884 393 2932 AEnean
405 2898 515 2933 aversum
528 2892 556 2933 ut
565 2884 650 2933 cedere
660 2886 759 2931 Turnus

157 2971 275 3030 Credidit,
286 2979 357 3033 atque
369 2973 451 3022 animo
462 2988 527 3035 spem
540 2972 652 3021 turbidus
662 2971 744 3019 hausit
753 2971 852 3019 inanem
863 2992 868 3019 ι
892 2959 895 2964 ’

157 3062 212 3115 Quo
224 3060 297 3122 fugis,
308 3062 404 3109 AEnea?
423 3064 544 3112 thalamos
555 3077 586 3112 ne
597 3062 681 3111 desere
692 3070 773 3125 pactos
784 3082 790 3110 ι

95 3192 98 3198 .
157 3150 209 3199 Hae
220 3149 317 3200 dabitur
328 3150 414 3199 dextra
424 3152 496 3200 tellus
505 3152 606 3213 quesita
615 3166 659 3215 per
669 3151 755 3201 undas.
