2334 3734
116 567 120 574 ι
194 547 243 595 crs
418 546 446 593 r.
462 544 601 593 vruurnu
619 535 773 596 mucosus

195 674 290 737 Exigit,
301 684 336 736 et,
348 681 459 724 maestam
470 674 542 724 dictis
553 675 667 737 adgressa
677 689 798 737 sororem,

195 765 332 816 Consilium
343 767 413 815 vultu
419 766 488 827 tegit,
502 780 530 815 ac
537 781 606 830 spem
618 767 699 815 fronte
710 774 818 816 serenan

194 855 290 916 Inveni,
302 870 428 918 germana,
440 855 504 904 riam
516 857 623 919 (gratare
635 856 740 920 sorori),

194 946 255 1000 Quae
266 944 327 1000 mihi
338 945 424 994 reddat
433 959 500 1005 eum,
512 947 551 994 vel
562 961 593 994 eo
605 960 644 996 me
656 947 734 996 solvat
746 953 878 996 amantem.

194 1033 288 1084 Oceani
299 1035 373 1084 tinem
382 1036 465 1095 juxta,
477 1036 604 1098 solemque
615 1037 753 1096 cadentem,

162 1181 166 1191 ,
195 1123 306 1173 Ultimus
316 1124 462 1186 AEthiopum
471 1125 541 1174 locus
553 1133 601 1186 est,
612 1127 655 1175 ubi
663 1139 794 1176 munusue
805 1125 875 1175 Atlas

97 1267 101 1270 ⁴
193 1215 275 1263 Axem
286 1216 390 1265 humero
400 1223 499 1278 torquet
509 1215 588 1265 stellis
599 1216 741 1266 ardentibus
752 1224 851 1279 apmm:

195 1303 260 1352 Hinc
271 1303 333 1353 mihi
344 1306 457 1368 Massyla
469 1307 548 1366 gentis
559 1315 698 1356 monstrata
706 1307 831 1368 sacerdos,

196 1394 358 1457 Hesperidum
369 1395 455 1457 templi
465 1403 560 1457 custos,
572 1399 704 1460 epulasque
716 1398 815 1447 draconi

195 1482 257 1536 Qua
268 1482 350 1542 dabat,
362 1490 388 1532 et
398 1497 481 1533 sacros
493 1487 605 1534 servabat
616 1486 642 1534 iu
654 1487 741 1535 arbore
751 1500 844 1548 ramos,
900 1535 903 1542 ,

196 1572 316 1634 Spargens
328 1573 430 1621 humida
439 1575 516 1622 mella
525 1576 737 1640 soporiferumque
749 1589 863 1640 papaver.

197 1661 256 1709 Haec
268 1675 295 1709 se
306 1661 455 1710 carminibus
466 1664 588 1726 promittit
599 1665 694 1714 solvere
705 1665 806 1725 mentis,
819 1714 822 1726 ,

143 1797 146 1802 ,
197 1750 265 1803 Quas
276 1750 352 1812 velit3
369 1759 407 1800 ast
416 1750 473 1800 aliis
483 1752 557 1800 duras
568 1753 693 1802 inmittere
703 1767 791 1817 curas3

198 1838 290 1887 Sistere
300 1852 388 1901 aquam
399 1840 490 1901 fluviis,
502 1849 529 1890 et
538 1849 633 1890 vertere
645 1843 725 1892 sidera
734 1851 801 1893 retro
811 1865 819 1907 3

197 1928 385 1990 Nocturuosque
396 1929 445 1977 ciet
456 1930 556 1992 Manis3
573 1931 669 1991 mugire
680 1931 772 1982 videbis

198 2016 249 2064 Sub
257 2017 360 2079 pedibus
372 2025 473 2078 terram,
485 2027 511 2068 et
521 2019 669 2069 descendere
679 2021 805 2072 montibus
816 2037 900 2072 ornos.

196 2107 296 2168 Testor,
307 2121 373 2169 cara,
386 2108 455 2169 deos,
466 2116 493 2158 et
502 2117 537 2170 te,
547 2123 672 2172 germana,
683 2119 802 2176 tuumque

128 2194 132 2200 ’
197 2197 275 2246 Dulce
286 2205 368 2261 caput,
379 2198 484 2260 magicas
495 2198 596 2249 inritam
607 2201 730 2263 adciugler
740 2202 808 2252 artis.

195 2287 235 2334 Tu
247 2295 341 2336 secrm
350 2302 435 2351 pyram
445 2298 511 2339 tecto
521 2289 640 2340 interiore
650 2293 696 2340 sub
707 2305 778 2340 auras

197 2374 281 2437 Erige,
293 2384 319 2425 et
328 2391 397 2426 arma
406 2378 464 2439 riri,
475 2380 586 2428 thalamo
598 2395 653 2442 quae
664 2381 715 2430 lixa
725 2379 824 2442 reliquit

173 2455 178 2460 ’
197 2467 291 2531 lupius,
304 2469 451 2532 exuviasque
462 2471 554 2532 omnis,
566 2472 706 2533 lectumque
713 2472 831 2533 jugalem,

197 2558 254 2612 Quo
265 2558 337 2620 perii,
348 2559 534 2623 superinpouas.
566 2562 674 2611 Abolere
685 2561 786 2612 nefandi

198 2646 293 2695 Cuncta
303 2647 349 2696 riri
359 2658 521 2698 monumenta
528 2652 600 2710 iubet
610 2659 778 2712 monstratque
790 2651 910 2700 sacerdos.

198 2735 257 2783 Haec
268 2736 340 2784 effata
350 2735 422 2798 silet;
439 2738 520 2798 pallor
531 2738 605 2787 simul
617 2747 720 2802 occupat
729 2753 781 2789 ora.

198 2826 256 2873 Non
266 2833 349 2874 tamen
361 2828 435 2875 Anna
445 2827 514 2876 novis
526 2836 661 2889 praetexere
672 2829 760 2877 funera
769 2829 844 2879 sacris

197 2915 344 2964 Germanum
356 2916 443 2977 credit,
455 2931 501 2966 uec
509 2925 592 2966 tantos
604 2924 685 2966 mente
695 2919 791 2968 fluores

198 3002 320 3066 Concipit,
332 3011 375 3053 aut
385 3006 497 3066 graviora
507 3006 589 3068 timet,
602 3020 675 3068 quam
688 3015 769 3057 morte
779 3009 882 3071 Sychaei.

196 3091 263 3152 Ergo
271 3093 341 3152 Jussa
351 3102 429 3155 parat.

228 3180 263 3228 At
272 3180 366 3244 regina,
378 3197 439 3246 pyra
447 3184 566 3247 penetrali
576 3185 603 3234 in
615 3186 673 3237 sede
684 3188 729 3236 suh
741 3201 812 3238 auras
