2334 3734
203 546 253 598 ,llo
429 548 457 596 Ρ.
474 543 612 596 vlnolml
628 543 783 597 MARONIS

205 675 312 726 Ascanio
324 675 387 725 ferat
397 675 468 738 haec3
486 674 615 738 ipsumque
626 672 658 721 ad
668 671 761 721 moenla
770 671 850 721 ducat.

208 763 297 814 Omnis
309 763 335 812 iu
347 763 454 813 Ascanio
465 763 515 812 cari
527 770 575 812 stat
584 775 644 811 cura
655 760 772 825 parentm
850 761 853 764 ’

207 857 313 904 Munera
323 863 452 918 praterea,
462 833 543 903 lliacis
555 861 640 917 erepta
650 853 739 914 ruinis,

206 946 280 994 Ferre
288 945 374 1006 iuhet3
392 946 482 1007 pallam
494 944 570 1006 signis
581 957 690 1006 auroque
700 942 830 1005 rigentem,

207 1034 240 1081 Et
250 1032 439 1082 circumtextum
450 1047 537 1082 croceo
549 1034 659 1082 velamen
671 1033 787 1092 acantho,

207 1122 316 1172 Ornatus
327 1122 423 1184 Argiva
437 1125 553 1172 Helena:
571 1137 633 1185 quos
645 1123 689 1171 illa
701 1121 823 1185 Mycenis,

209 1211 325 1273 Pergamo
334 1226 409 1273 quum
420 1219 514 1276 peteret
524 1211 727 1273 inconcessosque
739 1213 897 1275 Hymenaeon,

208 1301 348 1362 Exhrlerat,
360 1301 446 1350 matris
458 1302 529 1350 Ledae
542 1300 655 1350 mirabile
666 1301 768 1349 donum.

209 1390 330 1438 Praeterea
340 1397 473 1453 sceptrum,
486 1391 565 1440 Ilione
576 1390 642 1453 quod
652 1397 759 1452 genuerat
769 1388 841 1449 olim,

209 1479 331 1528 Maxuma
342 1487 454 1548 naturum
467 1479 568 1540 Priami,
580 1481 694 1541 colloque
705 1479 798 1528 monile

207 1568 353 1629 Romanum,
364 1577 390 1618 et
400 1569 522 1632 duplicem
534 1570 637 1632 gemmis
648 1583 756 1632 auroque
767 1581 893 1618 coronam.

212 1657 271 1705 Haec
279 1658 400 1717 celerans,
413 1657 459 1706 iter
471 1658 501 1705 ad
513 1659 581 1706 navio
593 1657 707 1707 tendebat
717 1659 830 1707 Achaten.

245 1746 280 1793 At
291 1746 412 1808 Cytherea
422 1760 497 1794 novae
509 1747 579 1808 artis,
593 1760 656 1795 nom
666 1755 764 1810 pectore
773 1754 854 1796 vereat

214 1833 338 1883 Consilia:
356 1841 385 1883 ut
395 1835 482 1883 faciem
494 1843 602 1884 mutatus
614 1844 639 1884 et
649 1851 694 1884 ora
705 1836 801 1899 Cupido

132 1910 135 1917 ¹
213 1923 261 1970 Pro
273 1921 339 1971 dulci
350 1923 457 1971 Ascanio
468 1922 560 1984 neuim,
571 1923 691 1988 donisque
702 1925 825 1972 furentem

213 2011 329 2060 lucendat
340 2011 459 2073 reginam,
472 2019 544 2074 atque
554 2013 650 2062 ossibus
662 2013 763 2077 inplicet
772 2014 863 2074 iguem.

213 2098 308 2162 Quippe
318 2101 420 2149 domum
431 2101 502 2150 timet
514 2101 652 2163 ambiguam
662 2101 798 2166 'lyriceqnc
808 2099 941 2165 bilinguia3

214 2187 272 2237 Urit
282 2196 353 2238 atrox
365 2190 443 2250 luno,
455 2197 480 2238 et
491 2191 537 2238 sub
544 2199 643 2242 noctem
654 2205 713 2240 cura
723 2199 840 2241 recursat.

213 2277 278 2338 Ergo
289 2277 328 2326 hle
339 2278 457 2339 aligerum
469 2279 541 2328 (lictis
554 2279 651 2329 adfatur
662 2282 796 2330 Amorem:

213 2369 288 2427 Nate,
300 2382 361 2418 meur
372 2368 446 2430 vires,
458 2384 513 2420 mea
523 2384 611 2432 magna
621 2371 740 2433 potentia,
753 2371 830 2432 nolum,

214 2458 287 2518 Nate,
299 2458 375 2520 patria
386 2459 477 2508 summi
488 2459 531 2522 qui
540 2461 591 2509 tela
600 2460 712 2524 Typhoia
722 2460 829 2522 temnin3

212 2545 252 2594 Ad
262 2555 287 2596 te
297 2548 422 2610 coniugio,
434 2557 460 2598 et
470 2551 572 2612 supplex
584 2555 628 2597 tua
637 2550 740 2597 numina
750 2562 832 2612 poaoo.

214 2635 298 2684 Frater
309 2643 338 2684 ut
347 2637 438 2686 AEneau
450 2639 534 2700 pelago
546 2645 603 2686 tune
615 2637 700 2686 omnia
708 2637 801 2686 circum

213 2723 298 2772 Litora
305 2727 421 2786 jactetur,
433 2724 496 2773 odiis
507 2725 613 2776 Junonia
626 2726 726 2788 iniquae,

216 2814 282 2862 Note
292 2813 354 2876 tibi;
372 2821 396 2862 et
407 2821 492 2862 nostro
504 2813 606 2863 doluisti
617 2829 681 2877 carpe
690 2814 785 2862 dolore.

216 2901 288 2951 Hunc
300 2902 428 2952 Phoenissa
440 2911 507 2952 tenet
519 2902 594 2964 Dido,
605 2901 749 2965 blandisque
759 2911 869 2953 moratur

215 2991 339 3054 Vocibne;
356 3000 381 3041 et
391 3007 487 3054 vereor,
498 3007 547 3055 qno
558 3005 586 3042 se
597 2991 707 3041 lunonia
717 2999 814 3041 vertant

217 3078 344 3142 Hospitia:
362 3080 428 3130 haud
438 3087 507 3130 tanto
519 3079 623 3130 cessabit
633 3079 732 3130 cardine
743 3094 842 3130 rerum.-

217 3167 338 3220 Quocirca
347 3182 432 3232 cupere
443 3176 499 3219 ente
510 3167 573 3219 dolie
585 3178 611 3220 et
620 3169 717 3232 cingere
728 3169 828 3218 hamma
