2334 3734
367 525 369 532 ·
408 528 564 579 nusrnos
581 531 644 579 nm.
661 531 705 580 1x.
859 558 863 567 ·
910 508 961 580 ³⁷5

161 658 213 705 Nee
224 653 301 704 muris
311 655 408 705 cohibet
417 656 501 717 patriis
513 657 593 706 media
605 659 685 707 Ardea
695 660 816 707 Turnum.

162 746 248 795 Casus
257 745 357 795 inimice
365 746 448 808 vides;
466 747 534 795 nulls
543 747 602 797 hinc
613 748 681 795 exire
691 754 805 810 potestas.

163 835 215 887 Olli
223 836 349 886 subridens
360 837 443 885 sedsto
454 843 551 898 pectore
561 838 673 885 Turnus:

96 952 104 967 ·
163 926 255 987 Incipe,
267 926 289 974 si
299 939 346 987 qua
356 925 438 973 animo
448 925 536 985 virtus,
543 934 569 973 et
578 926 677 974 confere
688 926 798 975 dextram
809 944 818 987 ς

164 1012 211 1063 Hic
221 1014 295 1063 etiem
305 1014 429 1063 inventum
441 1014 538 1062 Priamo
547 1014 656 1062 narrabis
668 1013 797 1063 Achillem.

164 1103 274 1153 Dixerat.
308 1105 354 1153 ilie
365 1104 450 1153 rudem
463 1103 534 1152 nudis
544 1110 570 1151 et
579 1102 669 1151 cortice
680 1101 755 1150 crudo

166 1194 293 1255 intorquet
303 1193 404 1243 summis
416 1193 518 1241 adnixus
530 1192 622 1240 viribus
633 1193 736 1240 bustum.

167 1282 290 1343 Excepere
299 1296 365 1331 surae
375 1284 462 1330 volnus
472 1302 481 1343 3
499 1280 614 1332 Saturnia
624 1282 639 1329 J
642 1294 691 1327 uno

170 1370 402 1433 Detonsitveniens3
419 1368 661 1434 portaequeinfigitur
670 1368 747 1416 hasta.

171 1456 206 1503 At
215 1468 266 1502 non
276 1453 324 1503 hoc
334 1454 421 1513 telum,
433 1467 488 1502 mee
498 1457 563 1516 qnod
573 1457 598 1503 vi
609 1457 709 1504 dexteru
718 1463 807 1513 verset,

171 1543 290 1603 Effugies:
307 1556 387 1603 neque
397 1541 463 1591 enim
474 1542 495 1591 is
505 1543 549 1593 teli
560 1558 605 1591 nee
615 1543 722 1593 vulneris
733 1550 824 1592 auctor.

173 1631 213 1680 Sic
223 1630 267 1691 eit,
279 1638 304 1680 et
314 1632 436 1679 sublatum
446 1632 496 1680 ulte
505 1632 631 1693 consurgit
640 1632 666 1681 in
676 1646 770 1692 ensem,

175 1723 205 1770 st
216 1721 320 1770 medium
329 1722 395 1769 ferro
405 1722 502 1783 gemina
512 1722 576 1771 inter
586 1719 696 1787 tempore
707 1724 812 1773 frontem

175 1808 274 1871 Dividit,
285 1810 433 1875 inpubesque
443 1811 536 1860 inmuni
546 1813 645 1861 volnere
657 1814 741 1863 males.

173 1899 212 1951 Fit
220 1914 312 1950 sonus:
330 1900 423 1963 ingenti
433 1916 551 1951 concussa
560 1907 598 1951 est
608 1902 714 1965 pondere
724 1903 806 1952 tellus.

174 1988 308 2060 Conlsbsos
319 1997 387 2038 arms
394 1998 466 2051 etque
476 2000 652 2066 srmsxementu
660 1993 759 2041 terebro

174 2076 267 2125 Sternit
277 2076 347 2125 humi
357 2077 481 2139 moriens3
498 2085 569 2139 atque
578 2079 617 2126 illi
628 2078 735 2141 pertibus
747 2080 821 2143 equis

176 2166 231 2213 idue
241 2172 314 2227 euput
324 2172 395 2225 etque
405 2164 464 2213 illue
473 2166 577 2214 humero
587 2180 617 2213 ex
630 2173 732 2229 utreque
742 2167 862 2230 pependit.

174 2252 310 2313 Diffugiunt
318 2252 382 2301 versi
391 2252 485 2314 trepida
494 2254 626 2302 formidine
635 2256 722 2303 Troes.
820 2277 825 2283 ·

177 2342 219 2402 Et,
231 2341 252 2390 si
263 2342 380 2390 continuo
388 2341 505 2391 victorem
515 2356 614 2391 escum
624 2344 737 2403 subisset,

177 2432 298 2493 Rumpere
308 2431 413 2480 claustra
422 2444 496 2479 manu
507 2429 633 2492 sociusque
642 2431 766 2481 inmittere
776 2430 868 2494 portis:

179 2518 289 2568 Ultimus
299 2519 342 2567 ilie
352 2519 403 2568 dies
411 2519 477 2567 bello
488 2518 600 2580 gentique
611 2518 704 2568 fuisset.

180 2608 227 2657 Sed
237 2609 306 2659 furor
315 2610 440 2659 ardentem
450 2608 570 2671 cedisque
580 2608 667 2658 insane
676 2607 762 2671 cupido

180 2696 237 2758 Egit
247 2697 272 2745 in
284 2697 405 2747 adversus.

181 2785 302 2849 Principio
313 2786 436 2835 Phalerim
444 2794 480 2847 et,
491 2785 585 2835 sunciso
595 2785 696 2849 poplite,
708 2786 790 2847 Gygen

181 2874 293 2938 Excipit3
310 2875 366 2923 hinc
378 2883 458 2937 reptes
469 2876 617 2937 fugientibus
628 2873 716 2935 ingerit
725 2873 807 2921 ussus

180 2965 208 3011 ln
219 2972 300 3025 tergus
311 2984 316 3013 ς
334 2964 349 3013 J
352 2978 402 3012 uno
412 2963 475 3013 vires
486 2964 642 3025 animumque
654 2961 784 3010 ministret.

183 3052 257 3100 Addit
268 3050 358 3113 Halym
367 3048 492 3111 comitem,
502 3057 527 3099 et
537 3051 634 3098 uunfixs
646 3050 740 3111 Phegea
750 3062 851 3112 parma,

184 3141 284 3200 Ignaros
294 3138 381 3188 deinde
391 3138 417 3186 in
429 3138 506 3187 muris
516 3139 669 3199 Martemque
680 3137 765 3186 cientis
