2334 3734
444 549 601 603 AENEIDOS
619 553 681 601 Lm.
697 552 728 600 V.
938 553 986 600 251

184 681 232 731 Sed
244 694 294 730 non
306 677 396 729 ldoiroo
406 679 514 730 flammas
525 688 597 743 atquo
605 679 719 729 incendia
728 680 792 728 vires

183 770 322 820 Indomitas
328 783 448 834 posuere:
466 771 516 820 udo
527 772 573 820 snb
584 773 674 820 robore
685 771 743 820 vivit

182 865 275 928 Stuppa
283 877 383 912 vomens
393 865 490 913 tardum
502 865 608 922 fumum,
621 865 750 925 lentusque
760 861 855 912 carinas

182 954 227 1002 Est
237 967 321 1017 vapor,
333 961 358 1002 et
369 961 421 1002 toto
431 954 556 1002 deseendit
566 967 670 1016 corpore
680 953 755 1015 pestis
764 972 772 1015 ;

181 1045 233 1092 Noc
244 1044 308 1092 vires
319 1044 423 1093 heroum
434 1045 562 1105 infusaque
573 1043 792 1106 fluminapros'unt.

177 1133 243 1180 'l‘um
255 1133 310 1196 pius
321 1134 412 1182 AEneas
419 1133 528 1181 humeris
538 1133 679 1181 abscindere
689 1141 792 1193 vestem,

83 1251 87 1263 ·
178 1223 328 1286 Auxilioque
337 1237 424 1273 vocare
434 1224 503 1284 deos,
515 1231 541 1274 et
550 1223 652 1272 tendere
661 1225 769 1285 palmas:

176 1313 290 1376 luppiter
300 1303 466 1377 omnipotens,
475 1314 495 1362 si
507 1313 618 1361 nondum
629 1325 718 1360 exuam
730 1312 761 1360 ad
771 1325 849 1361 unum

176 1404 309 1464 Trojauos,
320 1403 412 1466 siquid
422 1404 498 1466 pietas
510 1402 612 1464 antiqua
624 1403 719 1452 labores

176 1492 283 1555 Respicit
293 1492 426 1554 humanos,
438 1493 469 1542 da
479 1495 604 1543 dammam
615 1494 716 1544 evadere
727 1494 799 1543 classi

177 1581 260 1642 Nunc,
273 1583 355 1642 Pater,
366 1590 392 1630 et
402 1583 482 1631 tenuis
492 1585 617 1631 Teucrum
628 1595 667 1631 res
678 1582 745 1646 eripe
755 1583 814 1632 leto.

174 1671 221 1719 Vel
233 1679 270 1731 tn,
282 1672 348 1734 quod
360 1680 480 1735 superest,
491 1672 582 1720 infesto
593 1671 697 1720 fulmine
709 1670 794 1730 morti,

174 1759 201 1810 Si
209 1775 317 1822 mereor,
328 1762 440 1822 demitte,
447 1769 537 1823 tuaque
545 1762 586 1810 bie
597 1757 674 1810 obrue
686 1760 780 1810 dextra.

172 1848 222 1898 Vix
233 1852 285 1899 hee
295 1850 413 1910 ediderat,
425 1861 501 1912 quum
511 1851 596 1900 effusis
606 1851 726 1899 imbribus
737 1857 791 1898 atra

171 1941 314 2004 Tempestas
325 1940 379 1988 sine
390 1954 459 1988 more
467 1940 538 2001 furit,
546 1939 689 2002 tonitruque
699 1940 845 1989 tremiscunt

171 2029 256 2078 Ardua
267 2038 387 2078 terrarum
397 2036 422 2077 et
432 2029 511 2092 campi
522 2049 530 2090 3
547 2030 598 2077 mit
608 2030 698 2079 aetlrere
708 2037 761 2078 toto

170 2119 294 2167 Turbidus
302 2119 381 2167 imber
391 2132 454 2181 aqua
462 2116 594 2180 densisque
603 2119 750 2179 nigerrimus
761 2117 865 2180 austris3

170 2209 346 2271 implenturque
359 2222 432 2271 super
443 2220 533 2270 puppes
543 2227 551 2269 3
569 2208 686 2256 semiusta
698 2207 838 2258 madescunt

170 2299 276 2348 Robora.
310 2299 449 2347 Restinotus
460 2292 538 2347 donec
552 2311 629 2361 vapor
638 2297 730 2358 omnis,
742 2305 767 2347 et
777 2311 874 2358 omnes,

169 2384 282 2443 Quamor
292 2390 399 2450 amissis,
412 2392 513 2437 servato
524 2401 539 2436 a
548 2396 617 2451 poste
627 2387 724 2436 carium

201 2481 235 2528 At
246 2487 314 2542 pater
325 2481 427 2539 AEnets,
438 2493 497 2528 casu
507 2493 641 2528 ooneussus
653 2477 750 2536 aoerbo,

169 2569 242 2616 Nunc
252 2568 301 2617 huc
310 2567 428 2629 ingentis,
440 2581 506 2616 nunc
517 2567 577 2615 illue
588 2573 688 2629 pectore
696 2576 768 2615 ouras

168 2658 282 2706 Mutabat
291 2670 404 2706 versabar
423 2651 547 2706 Siculisne
556 2656 675 2705 resideret
682 2655 759 2715 atris,

169 2747 268 2798 Oblitus
280 2748 398 2807 fatorum,
410 2748 517 2797 ltslssne
526 2753 664 2809 capesseret
674 2757 739 2794 oras.

166 2839 231 2887 'l'um
238 2837 326 2886 'senior
337 2826 440 2897 Nautes,
451 2850 528 2884 unum
539 2836 654 2885 Tritonia
665 2835 746 2884 Pallas

168 2929 248 2982 Quem
260 2924 353 2987 docuit,
366 2927 492 2988 multaque
502 2925 622 2986 insignem
633 2921 814 2982 sedulitate,
900 2985 901 2990 Ἰ

149 3023 151 3027 ’
168 3019 228 3066 Hrec
239 3029 357 3080 responsa
368 3016 450 3076 dabat,
462 3017 501 3064 vel
513 3013 734 3078 quseportenderet
743 3013 780 3060 ira

166 3111 258 3171 Magna
268 3109 353 3170 deum,
364 3109 403 3157 vel
414 3123 469 3171 quae
479 3109 587 3157 fatorum
598 3111 708 3170 posceret
717 3105 787 3155 ordo.
873 3109 875 3116 “

167 3200 239 3261 Isque
247 3198 288 3249 his
298 3199 392 3248 AEnean
405 3193 498 3247 solatus
507 3197 607 3246 vocibus
619 3196 687 3245 infit:
