<?xml version="1.0" encoding="UTF-8"?>
<!DOCTYPE html PUBLIC "-//W3C//DTD XHTML 1.0 Transitional//EN"
    "http://www.w3.org/TR/xhtml1/DTD/xhtml1-transitional.dtd">
<html xmlns="http://www.w3.org/1999/xhtml" xml:lang="en" lang="en">
 <head>
  <title>
</title>
<meta http-equiv="Content-Type" content="text/html;charset=utf-8" />
  <meta name='ocr-system' content='tesseract 3.04.00' />
  <meta name='ocr-capabilities' content='ocr_page ocr_carea ocr_par ocr_line ocrx_word'/>
</head>
<body>
  <div class='ocr_page' id='page_1' title='image "./publiivirgiliim00heyngoog/publiivirgiliim00heyngoog_0153.png"; bbox 0 0 2334 3734; ppageno 0'>
   <div class='ocr_carea' id='block_1_1' title="bbox 429 517 960 572">
    <p class='ocr_par' dir='ltr' id='par_1_1' title="bbox 429 517 960 572">
     <span class='ocr_line' id='line_1_1' title="bbox 429 517 960 572; baseline 0.013 -7"><span class='ocrx_word' id='word_1_1' title='bbox 429 517 587 570; x_wconf 81' lang='lat' dir='ltr'><strong>AENEIDOS</strong></span> <span class='ocrx_word' id='word_1_2' title='bbox 604 521 667 569; x_wconf 85' lang='lat' dir='ltr'>LlB.</span> <span class='ocrx_word' id='word_1_3' title='bbox 685 521 705 569; x_wconf 90' lang='lat' dir='ltr'>l.</span> <span class='ocrx_word' id='word_1_4' title='bbox 916 525 960 572; x_wconf 79' lang='lat'>141</span> 
     </span>
    </p>
   </div>
   <div class='ocr_carea' id='block_1_2' title="bbox 86 646 880 3116">
    <p class='ocr_par' dir='ltr' id='par_1_2' title="bbox 86 646 869 986">
     <span class='ocr_line' id='line_1_2' title="bbox 155 646 775 716; baseline 0.006 -22"><span class='ocrx_word' id='word_1_5' title='bbox 155 646 275 709; x_wconf 75' lang='lat' dir='ltr'>Reginam</span> <span class='ocrx_word' id='word_1_6' title='bbox 287 646 411 716; x_wconf 68' lang='lat' dir='ltr'>mpditor3</span> <span class='ocrx_word' id='word_1_7' title='bbox 428 661 460 696; x_wconf 86' lang='lat' dir='ltr'>ne</span> <span class='ocrx_word' id='word_1_8' title='bbox 471 663 524 710; x_wconf 89' lang='lat' dir='ltr'>quo</span> <span class='ocrx_word' id='word_1_9' title='bbox 531 663 558 698; x_wconf 87' lang='lat' dir='ltr'>se</span> <span class='ocrx_word' id='word_1_10' title='bbox 569 647 671 698; x_wconf 87' lang='lat' dir='ltr'>numine</span> <span class='ocrx_word' id='word_1_11' title='bbox 682 657 775 699; x_wconf 83' lang='lat' dir='ltr'>mutet:</span> 
     </span>
     <span class='ocr_line' id='line_1_3' title="bbox 156 735 737 798; baseline 0.002 -12"><span class='ocrx_word' id='word_1_12' title='bbox 156 735 207 786; x_wconf 85' lang='lat' dir='ltr'>Sed</span> <span class='ocrx_word' id='word_1_13' title='bbox 217 750 306 798; x_wconf 80' lang='lat' dir='ltr'>magno</span> <span class='ocrx_word' id='word_1_14' title='bbox 317 738 402 785; x_wconf 77' lang='lat' dir='ltr'>AEneoe</span> <span class='ocrx_word' id='word_1_15' title='bbox 414 751 511 786; x_wconf 88' lang='lat' dir='ltr'>mecum</span> <span class='ocrx_word' id='word_1_16' title='bbox 521 745 634 786; x_wconf 76' lang='lat' dir='ltr'>teneatur</span> <span class='ocrx_word' id='word_1_17' title='bbox 645 752 737 788; x_wconf 83' lang='lat' dir='ltr'>amore.</span> 
     </span>
     <span class='ocr_line' id='line_1_4' title="bbox 157 825 869 892; baseline 0.004 -17"><span class='ocrx_word' id='word_1_18' title='bbox 157 829 214 881; x_wconf 87' lang='lat' dir='ltr'>Qua</span> <span class='ocrx_word' id='word_1_19' title='bbox 225 826 306 876; x_wconf 83' lang='lat' dir='ltr'>facere</span> <span class='ocrx_word' id='word_1_20' title='bbox 317 825 342 874; x_wconf 93' lang='lat' dir='ltr'>id</span> <span class='ocrx_word' id='word_1_21' title='bbox 353 827 442 889; x_wconf 84' lang='lat' dir='ltr'>possis,</span> <span class='ocrx_word' id='word_1_22' title='bbox 456 834 565 875; x_wconf 87' lang='lat' dir='ltr'>nostram</span> <span class='ocrx_word' id='word_1_23' title='bbox 577 841 643 876; x_wconf 89' lang='lat' dir='ltr'>nuuc</span> <span class='ocrx_word' id='word_1_24' title='bbox 653 827 737 892; x_wconf 84' lang='lat' dir='ltr'>adcipe</span> <span class='ocrx_word' id='word_1_25' title='bbox 748 836 869 878; x_wconf 84' lang='lat' dir='ltr'>mentem:</span> 
     </span>
     <span class='ocr_line' id='line_1_5' title="bbox 86 915 668 986; baseline 0 -22"><span class='ocrx_word' id='word_1_26' title='bbox 86 981 88 986; x_wconf 28' lang='grc' dir='ltr'>Ι</span> <span class='ocrx_word' id='word_1_27' title='bbox 157 916 246 977; x_wconf 79' lang='lat' dir='ltr'>Regius</span> <span class='ocrx_word' id='word_1_28' title='bbox 258 916 340 964; x_wconf 88' lang='lat' dir='ltr'>adcitu</span> <span class='ocrx_word' id='word_1_29' title='bbox 350 916 400 964; x_wconf 89' lang='lat' dir='ltr'>cari</span> <span class='ocrx_word' id='word_1_30' title='bbox 411 915 528 976; x_wconf 80' lang='lat' dir='ltr'>genitoris</span> <span class='ocrx_word' id='word_1_31' title='bbox 541 916 571 963; x_wconf 91' lang='lat' dir='ltr'>ad</span> <span class='ocrx_word' id='word_1_32' title='bbox 582 917 668 964; x_wconf 86' lang='lat' dir='ltr'>urbem</span> 
     </span>
    </p>

    <p class='ocr_par' dir='ltr' id='par_1_3' title="bbox 105 1005 827 2852">
     <span class='ocr_line' id='line_1_6' title="bbox 112 1005 760 1068; baseline 0.002 -14"><span class='ocrx_word' id='word_1_33' title='bbox 112 1063 114 1068; x_wconf 68' lang='lat'>,</span> <span class='ocrx_word' id='word_1_34' title='bbox 158 1005 285 1054; x_wconf 82' lang='lat' dir='ltr'>Sidoniam</span> <span class='ocrx_word' id='word_1_35' title='bbox 296 1020 357 1067; x_wconf 80' lang='lat' dir='ltr'>puer</span> <span class='ocrx_word' id='word_1_36' title='bbox 369 1006 406 1054; x_wconf 91' lang='lat' dir='ltr'>ire</span> <span class='ocrx_word' id='word_1_37' title='bbox 417 1013 496 1068; x_wconf 88' lang='lat' dir='ltr'>parat,</span> <span class='ocrx_word' id='word_1_38' title='bbox 509 1018 564 1054; x_wconf 86' lang='lat' dir='ltr'>mea</span> <span class='ocrx_word' id='word_1_39' title='bbox 573 1006 682 1054; x_wconf 83' lang='lat' dir='ltr'>maxima</span> <span class='ocrx_word' id='word_1_40' title='bbox 692 1020 760 1068; x_wconf 84' lang='lat' dir='ltr'>cura,</span> 
     </span>
     <span class='ocr_line' id='line_1_7' title="bbox 160 1095 820 1158; baseline -0.002 -13"><span class='ocrx_word' id='word_1_41' title='bbox 160 1097 231 1145; x_wconf 89' lang='lat' dir='ltr'>Dona</span> <span class='ocrx_word' id='word_1_42' title='bbox 242 1097 333 1156; x_wconf 84' lang='lat' dir='ltr'>ferens,</span> <span class='ocrx_word' id='word_1_43' title='bbox 345 1098 431 1158; x_wconf 78' lang='lat' dir='ltr'>pelago</span> <span class='ocrx_word' id='word_1_44' title='bbox 443 1103 467 1144; x_wconf 84' lang='lat' dir='ltr'>et</span> <span class='ocrx_word' id='word_1_45' title='bbox 478 1095 584 1144; x_wconf 86' lang='lat' dir='ltr'>flammis</span> <span class='ocrx_word' id='word_1_46' title='bbox 595 1097 712 1145; x_wconf 68' lang='lat' dir='ltr'>ratantia</span> <span class='ocrx_word' id='word_1_47' title='bbox 722 1098 820 1157; x_wconf 72' lang='lat' dir='ltr'>troja:</span> 
     </span>
     <span class='ocr_line' id='line_1_8' title="bbox 159 1185 789 1248; baseline -0.003 -14"><span class='ocrx_word' id='word_1_48' title='bbox 159 1187 232 1234; x_wconf 88' lang='lat' dir='ltr'>Hunc</span> <span class='ocrx_word' id='word_1_49' title='bbox 244 1199 289 1246; x_wconf 79' lang='lat' dir='ltr'>ego</span> <span class='ocrx_word' id='word_1_50' title='bbox 301 1185 407 1248; x_wconf 84' lang='lat' dir='ltr'>sopitum</span> <span class='ocrx_word' id='word_1_51' title='bbox 419 1199 518 1245; x_wconf 85' lang='lat' dir='ltr'>somno,</span> <span class='ocrx_word' id='word_1_52' title='bbox 528 1198 601 1247; x_wconf 85' lang='lat' dir='ltr'>super</span> <span class='ocrx_word' id='word_1_53' title='bbox 612 1185 662 1232; x_wconf 84' lang='lat' dir='ltr'>alta</span> <span class='ocrx_word' id='word_1_54' title='bbox 674 1185 789 1247; x_wconf 82' lang='lat' dir='ltr'>Cythera,</span> 
     </span>
     <span class='ocr_line' id='line_1_9' title="bbox 159 1271 757 1336; baseline -0.003 -14"><span class='ocrx_word' id='word_1_55' title='bbox 159 1275 209 1322; x_wconf 84' lang='lat' dir='ltr'>Aut</span> <span class='ocrx_word' id='word_1_56' title='bbox 221 1287 294 1336; x_wconf 82' lang='lat' dir='ltr'>super</span> <span class='ocrx_word' id='word_1_57' title='bbox 306 1274 421 1334; x_wconf 83' lang='lat' dir='ltr'>idalium,</span> <span class='ocrx_word' id='word_1_58' title='bbox 433 1281 526 1322; x_wconf 88' lang='lat' dir='ltr'>sacrata</span> <span class='ocrx_word' id='word_1_59' title='bbox 537 1272 594 1321; x_wconf 87' lang='lat' dir='ltr'>sede</span> <span class='ocrx_word' id='word_1_60' title='bbox 606 1271 738 1320; x_wconf 83' lang='lat' dir='ltr'>recondam</span> <span class='ocrx_word' id='word_1_61' title='bbox 748 1291 757 1334; x_wconf 87' lang='lat'>;</span> 
     </span>
     <span class='ocr_line' id='line_1_10' title="bbox 159 1360 803 1425; baseline -0.003 -14"><span class='ocrx_word' id='word_1_62' title='bbox 159 1363 197 1411; x_wconf 87' lang='lat' dir='ltr'>Ne</span> <span class='ocrx_word' id='word_1_63' title='bbox 209 1377 258 1425; x_wconf 88' lang='lat' dir='ltr'>qua</span> <span class='ocrx_word' id='word_1_64' title='bbox 269 1362 332 1411; x_wconf 85' lang='lat' dir='ltr'>scire</span> <span class='ocrx_word' id='word_1_65' title='bbox 343 1362 424 1423; x_wconf 84' lang='lat' dir='ltr'>dolos,</span> <span class='ocrx_word' id='word_1_66' title='bbox 436 1361 559 1410; x_wconf 86' lang='lat' dir='ltr'>mediusve</span> <span class='ocrx_word' id='word_1_67' title='bbox 570 1374 697 1410; x_wconf 80' lang='lat' dir='ltr'>ooenmre</span> <span class='ocrx_word' id='word_1_68' title='bbox 708 1360 785 1423; x_wconf 83' lang='lat' dir='ltr'>possit</span> <span class='ocrx_word' id='word_1_69' title='bbox 794 1379 803 1424; x_wconf 81' lang='lat'><em>3</em></span> 
     </span>
     <span class='ocr_line' id='line_1_11' title="bbox 157 1450 748 1512; baseline -0.003 -12"><span class='ocrx_word' id='word_1_70' title='bbox 157 1452 197 1500; x_wconf 82' lang='lat' dir='ltr'>&#39;ln</span> <span class='ocrx_word' id='word_1_71' title='bbox 209 1450 297 1500; x_wconf 83' lang='lat' dir='ltr'>faciem</span> <span class='ocrx_word' id='word_1_72' title='bbox 308 1451 376 1500; x_wconf 89' lang='lat' dir='ltr'>illius</span> <span class='ocrx_word' id='word_1_73' title='bbox 387 1458 483 1499; x_wconf 87' lang='lat' dir='ltr'>noctem</span> <span class='ocrx_word' id='word_1_74' title='bbox 495 1464 545 1498; x_wconf 92' lang='lat' dir='ltr'>non</span> <span class='ocrx_word' id='word_1_75' title='bbox 558 1450 664 1512; x_wconf 88' lang='lat' dir='ltr'>amplius</span> <span class='ocrx_word' id='word_1_76' title='bbox 674 1463 748 1498; x_wconf 89' lang='lat' dir='ltr'>uuam</span> 
     </span>
     <span class='ocr_line' id='line_1_12' title="bbox 156 1535 771 1598; baseline 0.003 -14"><span class='ocrx_word' id='word_1_77' title='bbox 156 1537 224 1585; x_wconf 71' lang='lat' dir='ltr'>Falla</span> <span class='ocrx_word' id='word_1_78' title='bbox 235 1536 305 1596; x_wconf 91' lang='lat' dir='ltr'>dolo,</span> <span class='ocrx_word' id='word_1_79' title='bbox 317 1544 342 1584; x_wconf 88' lang='lat' dir='ltr'>et</span> <span class='ocrx_word' id='word_1_80' title='bbox 353 1545 426 1586; x_wconf 88' lang='lat' dir='ltr'>notos</span> <span class='ocrx_word' id='word_1_81' title='bbox 437 1536 506 1598; x_wconf 84' lang='lat' dir='ltr'>pueri</span> <span class='ocrx_word' id='word_1_82' title='bbox 517 1550 578 1598; x_wconf 91' lang='lat' dir='ltr'>puer</span> <span class='ocrx_word' id='word_1_83' title='bbox 589 1535 664 1584; x_wconf 86' lang='lat' dir='ltr'>indue</span> <span class='ocrx_word' id='word_1_84' title='bbox 673 1537 771 1586; x_wconf 84' lang='lat' dir='ltr'>vultus:</span> 
     </span>
     <span class='ocr_line' id='line_1_13' title="bbox 159 1624 768 1688; baseline -0.002 -14"><span class='ocrx_word' id='word_1_85' title='bbox 159 1626 205 1685; x_wconf 84' lang='lat' dir='ltr'>Ut,</span> <span class='ocrx_word' id='word_1_86' title='bbox 215 1640 291 1687; x_wconf 88' lang='lat' dir='ltr'>quum</span> <span class='ocrx_word' id='word_1_87' title='bbox 302 1633 327 1674; x_wconf 82' lang='lat' dir='ltr'>te</span> <span class='ocrx_word' id='word_1_88' title='bbox 338 1625 432 1686; x_wconf 80' lang='lat' dir='ltr'>gremio</span> <span class='ocrx_word' id='word_1_89' title='bbox 443 1625 546 1688; x_wconf 75' lang='lat' dir='ltr'>adcipiat</span> <span class='ocrx_word' id='word_1_90' title='bbox 557 1625 684 1674; x_wconf 75' lang='lat' dir='ltr'>laetissima</span> <span class='ocrx_word' id='word_1_91' title='bbox 694 1624 768 1685; x_wconf 88' lang='lat' dir='ltr'>Dido,</span> 
     </span>
     <span class='ocr_line' id='line_1_14' title="bbox 160 1713 718 1777; baseline -0.004 -13"><span class='ocrx_word' id='word_1_92' title='bbox 160 1713 256 1776; x_wconf 75' lang='lat' dir='ltr'>Regalis</span> <span class='ocrx_word' id='word_1_93' title='bbox 268 1714 331 1764; x_wconf 86' lang='lat' dir='ltr'>inter</span> <span class='ocrx_word' id='word_1_94' title='bbox 343 1728 440 1763; x_wconf 87' lang='lat' dir='ltr'>mensas</span> <span class='ocrx_word' id='word_1_95' title='bbox 451 1713 598 1775; x_wconf 85' lang='lat' dir='ltr'>laticemque</span> <span class='ocrx_word' id='word_1_96' title='bbox 608 1715 718 1777; x_wconf 84' lang='lat' dir='ltr'>Lyaeum,</span> 
     </span>
     <span class='ocr_line' id='line_1_15' title="bbox 105 1803 806 1866; baseline 0.003 -16"><span class='ocrx_word' id='word_1_97' title='bbox 105 1854 109 1862; x_wconf 55' lang='grc'>,</span> <span class='ocrx_word' id='word_1_98' title='bbox 159 1804 241 1858; x_wconf 86' lang='lat' dir='ltr'>Quum</span> <span class='ocrx_word' id='word_1_99' title='bbox 253 1803 320 1852; x_wconf 90' lang='lat' dir='ltr'>dabit</span> <span class='ocrx_word' id='word_1_100' title='bbox 330 1805 457 1866; x_wconf 85' lang='lat' dir='ltr'>amplexus</span> <span class='ocrx_word' id='word_1_101' title='bbox 469 1810 541 1865; x_wconf 87' lang='lat' dir='ltr'>atque</span> <span class='ocrx_word' id='word_1_102' title='bbox 553 1804 639 1852; x_wconf 82' lang='lat' dir='ltr'>oscula</span> <span class='ocrx_word' id='word_1_103' title='bbox 648 1803 730 1852; x_wconf 86' lang='lat' dir='ltr'>dulcia</span> <span class='ocrx_word' id='word_1_104' title='bbox 739 1804 806 1866; x_wconf 79' lang='lat' dir='ltr'>figet,</span> 
     </span>
     <span class='ocr_line' id='line_1_16' title="bbox 161 1891 753 1955; baseline 0.003 -14"><span class='ocrx_word' id='word_1_105' title='bbox 161 1891 292 1942; x_wconf 71' lang='lat' dir='ltr'>Osculum</span> <span class='ocrx_word' id='word_1_106' title='bbox 303 1892 406 1955; x_wconf 80' lang='lat' dir='ltr'>inspires</span> <span class='ocrx_word' id='word_1_107' title='bbox 416 1893 510 1954; x_wconf 81' lang='lat' dir='ltr'>ignem,</span> <span class='ocrx_word' id='word_1_108' title='bbox 521 1891 641 1954; x_wconf 79' lang='lat' dir='ltr'>fallasque</span> <span class='ocrx_word' id='word_1_109' title='bbox 650 1906 753 1943; x_wconf 84' lang='lat' dir='ltr'>veneno.</span> 
     </span>
     <span class='ocr_line' id='line_1_17' title="bbox 159 1981 724 2042; baseline 0.002 -13"><span class='ocrx_word' id='word_1_110' title='bbox 159 1981 232 2030; x_wconf 87' lang='lat' dir='ltr'>Paret</span> <span class='ocrx_word' id='word_1_111' title='bbox 243 1983 321 2030; x_wconf 82' lang='lat' dir='ltr'>Amor</span> <span class='ocrx_word' id='word_1_112' title='bbox 332 1981 402 2031; x_wconf 89' lang='lat' dir='ltr'>dictis</span> <span class='ocrx_word' id='word_1_113' title='bbox 412 1995 474 2030; x_wconf 85' lang='lat' dir='ltr'>carae</span> <span class='ocrx_word' id='word_1_114' title='bbox 486 1981 626 2042; x_wconf 80' lang='lat' dir='ltr'>genetricis,</span> <span class='ocrx_word' id='word_1_115' title='bbox 637 1987 664 2030; x_wconf 91' lang='lat' dir='ltr'>et</span> <span class='ocrx_word' id='word_1_116' title='bbox 672 1982 724 2030; x_wconf 86' lang='lat' dir='ltr'>alas</span> 
     </span>
     <span class='ocr_line' id='line_1_18' title="bbox 158 2069 663 2132; baseline -0.002 -13"><span class='ocrx_word' id='word_1_117' title='bbox 158 2069 245 2132; x_wconf 85' lang='lat' dir='ltr'>Exuit,</span> <span class='ocrx_word' id='word_1_118' title='bbox 256 2077 282 2119; x_wconf 85' lang='lat' dir='ltr'>et</span> <span class='ocrx_word' id='word_1_119' title='bbox 292 2084 376 2132; x_wconf 76' lang='lat' dir='ltr'>gressu</span> <span class='ocrx_word' id='word_1_120' title='bbox 388 2069 494 2132; x_wconf 79' lang='lat' dir='ltr'>gaudens</span> <span class='ocrx_word' id='word_1_121' title='bbox 505 2070 595 2119; x_wconf 85' lang='lat' dir='ltr'>incedit</span> <span class='ocrx_word' id='word_1_122' title='bbox 606 2071 663 2119; x_wconf 90' lang='lat' dir='ltr'>luli.</span> 
     </span>
     <span class='ocr_line' id='line_1_19' title="bbox 157 2158 827 2222; baseline 0.001 -15"><span class='ocrx_word' id='word_1_123' title='bbox 157 2161 191 2208; x_wconf 85' lang='lat' dir='ltr'>At</span> <span class='ocrx_word' id='word_1_124' title='bbox 202 2162 285 2209; x_wconf 86' lang='lat' dir='ltr'>Venus</span> <span class='ocrx_word' id='word_1_125' title='bbox 296 2160 402 2208; x_wconf 84' lang='lat' dir='ltr'>Ascanio</span> <span class='ocrx_word' id='word_1_126' title='bbox 414 2158 534 2222; x_wconf 81' lang='lat' dir='ltr'>placidam</span> <span class='ocrx_word' id='word_1_127' title='bbox 547 2173 590 2222; x_wconf 90' lang='lat' dir='ltr'>per</span> <span class='ocrx_word' id='word_1_128' title='bbox 601 2161 711 2208; x_wconf 89' lang='lat' dir='ltr'>membra</span> <span class='ocrx_word' id='word_1_129' title='bbox 721 2159 827 2221; x_wconf 78' lang='lat' dir='ltr'>quietem</span> 
     </span>
     <span class='ocr_line' id='line_1_20' title="bbox 158 2247 737 2310; baseline 0 -14"><span class='ocrx_word' id='word_1_130' title='bbox 158 2247 260 2310; x_wconf 74' lang='lat' dir='ltr'>Inrigat,</span> <span class='ocrx_word' id='word_1_131' title='bbox 273 2256 298 2297; x_wconf 86' lang='lat' dir='ltr'>et</span> <span class='ocrx_word' id='word_1_132' title='bbox 308 2249 387 2296; x_wconf 84' lang='lat' dir='ltr'>fotum</span> <span class='ocrx_word' id='word_1_133' title='bbox 397 2247 490 2308; x_wconf 81' lang='lat' dir='ltr'>gremio</span> <span class='ocrx_word' id='word_1_134' title='bbox 502 2247 548 2296; x_wconf 90' lang='lat' dir='ltr'>dea</span> <span class='ocrx_word' id='word_1_135' title='bbox 559 2247 626 2296; x_wconf 86' lang='lat' dir='ltr'>tollit</span> <span class='ocrx_word' id='word_1_136' title='bbox 636 2247 662 2296; x_wconf 89' lang='lat' dir='ltr'>in</span> <span class='ocrx_word' id='word_1_137' title='bbox 674 2249 737 2296; x_wconf 84' lang='lat' dir='ltr'>altos</span> 
     </span>
     <span class='ocr_line' id='line_1_21' title="bbox 159 2335 717 2399; baseline -0.002 -13"><span class='ocrx_word' id='word_1_138' title='bbox 159 2337 241 2386; x_wconf 79' lang='lat' dir='ltr'>ldaliae</span> <span class='ocrx_word' id='word_1_139' title='bbox 253 2337 341 2399; x_wconf 75' lang='lat' dir='ltr'>luc0s3</span> <span class='ocrx_word' id='word_1_140' title='bbox 358 2335 400 2384; x_wconf 92' lang='lat' dir='ltr'>ubi</span> <span class='ocrx_word' id='word_1_141' title='bbox 411 2337 494 2385; x_wconf 89' lang='lat' dir='ltr'>mollis</span> <span class='ocrx_word' id='word_1_142' title='bbox 507 2351 633 2386; x_wconf 78' lang='lat' dir='ltr'>amaracus</span> <span class='ocrx_word' id='word_1_143' title='bbox 644 2337 717 2385; x_wconf 91' lang='lat' dir='ltr'>illum</span> 
     </span>
     <span class='ocr_line' id='line_1_22' title="bbox 160 2425 803 2489; baseline -0.002 -13"><span class='ocrx_word' id='word_1_144' title='bbox 160 2427 273 2476; x_wconf 79' lang='lat' dir='ltr'>Floribus</span> <span class='ocrx_word' id='word_1_145' title='bbox 284 2433 309 2475; x_wconf 88' lang='lat' dir='ltr'>et</span> <span class='ocrx_word' id='word_1_146' title='bbox 320 2425 386 2474; x_wconf 93' lang='lat' dir='ltr'>dulci</span> <span class='ocrx_word' id='word_1_147' title='bbox 398 2426 523 2489; x_wconf 86' lang='lat' dir='ltr'>adspirans</span> <span class='ocrx_word' id='word_1_148' title='bbox 533 2425 696 2489; x_wconf 77' lang='lat' dir='ltr'>conplectitur</span> <span class='ocrx_word' id='word_1_149' title='bbox 707 2427 803 2475; x_wconf 85' lang='lat' dir='ltr'>umbra.</span> 
     </span>
     <span class='ocr_line' id='line_1_23' title="bbox 159 2514 739 2580; baseline -0.003 -14"><span class='ocrx_word' id='word_1_150' title='bbox 159 2518 263 2579; x_wconf 85' lang='lat' dir='ltr'>Jamque</span> <span class='ocrx_word' id='word_1_151' title='bbox 274 2516 333 2577; x_wconf 86' lang='lat' dir='ltr'>ibat,</span> <span class='ocrx_word' id='word_1_152' title='bbox 346 2515 411 2564; x_wconf 88' lang='lat' dir='ltr'>dicto</span> <span class='ocrx_word' id='word_1_153' title='bbox 423 2531 521 2580; x_wconf 86' lang='lat' dir='ltr'>parens,</span> <span class='ocrx_word' id='word_1_154' title='bbox 533 2524 558 2565; x_wconf 89' lang='lat' dir='ltr'>et</span> <span class='ocrx_word' id='word_1_155' title='bbox 568 2515 634 2564; x_wconf 89' lang='lat' dir='ltr'>dona</span> <span class='ocrx_word' id='word_1_156' title='bbox 645 2514 739 2579; x_wconf 88' lang='lat' dir='ltr'>Cupido</span> 
     </span>
     <span class='ocr_line' id='line_1_24' title="bbox 159 2606 728 2669; baseline 0.004 -15"><span class='ocrx_word' id='word_1_157' title='bbox 159 2606 233 2668; x_wconf 76' lang='lat' dir='ltr'>Regia</span> <span class='ocrx_word' id='word_1_158' title='bbox 243 2607 356 2668; x_wconf 82' lang='lat' dir='ltr'>portabat</span> <span class='ocrx_word' id='word_1_159' title='bbox 367 2606 458 2669; x_wconf 61' lang='lat' dir='ltr'>imita,</span> <span class='ocrx_word' id='word_1_160' title='bbox 471 2607 532 2654; x_wconf 90' lang='lat' dir='ltr'>duce</span> <span class='ocrx_word' id='word_1_161' title='bbox 543 2607 615 2654; x_wconf 76' lang='lat' dir='ltr'>laetius</span> <span class='ocrx_word' id='word_1_162' title='bbox 625 2607 728 2657; x_wconf 77' lang='lat' dir='ltr'>Achate.</span> 
     </span>
     <span class='ocr_line' id='line_1_25' title="bbox 162 2695 743 2759; baseline 0.002 -15"><span class='ocrx_word' id='word_1_163' title='bbox 162 2695 243 2749; x_wconf 88' lang='lat' dir='ltr'>Quum</span> <span class='ocrx_word' id='word_1_164' title='bbox 255 2695 331 2756; x_wconf 83' lang='lat' dir='ltr'>venit,</span> <span class='ocrx_word' id='word_1_165' title='bbox 345 2696 429 2744; x_wconf 86' lang='lat' dir='ltr'>aulaeis</span> <span class='ocrx_word' id='word_1_166' title='bbox 438 2698 491 2756; x_wconf 80' lang='lat' dir='ltr'>Jam</span> <span class='ocrx_word' id='word_1_167' title='bbox 501 2709 528 2747; x_wconf 75' lang='lat' dir='ltr'>¹se</span> <span class='ocrx_word' id='word_1_168' title='bbox 539 2695 624 2756; x_wconf 78' lang='lat' dir='ltr'>regina</span> <span class='ocrx_word' id='word_1_169' title='bbox 633 2696 743 2759; x_wconf 83' lang='lat' dir='ltr'>superbis</span> 
     </span>
     <span class='ocr_line' id='line_1_26' title="bbox 160 2785 760 2852; baseline 0.005 -20"><span class='ocrx_word' id='word_1_170' title='bbox 160 2786 244 2834; x_wconf 83' lang='lat' dir='ltr'>Aurea</span> <span class='ocrx_word' id='word_1_171' title='bbox 254 2785 385 2848; x_wconf 85' lang='lat' dir='ltr'>conposuit</span> <span class='ocrx_word' id='word_1_172' title='bbox 395 2785 489 2850; x_wconf 88' lang='lat' dir='ltr'>sponda</span> <span class='ocrx_word' id='word_1_173' title='bbox 500 2785 653 2852; x_wconf 87' lang='lat' dir='ltr'>mediamque</span> <span class='ocrx_word' id='word_1_174' title='bbox 663 2785 760 2835; x_wconf 84' lang='lat' dir='ltr'>locavit.</span> 
     </span>
    </p>

    <p class='ocr_par' dir='ltr' id='par_1_4' title="bbox 161 2875 880 3116">
     <span class='ocr_line' id='line_1_27' title="bbox 190 2875 780 2942; baseline -0.002 -19"><span class='ocrx_word' id='word_1_175' title='bbox 190 2875 205 2923; x_wconf 83' lang='lat' dir='ltr'>J</span> <span class='ocrx_word' id='word_1_176' title='bbox 208 2888 247 2923; x_wconf 87' lang='lat' dir='ltr'>am</span> <span class='ocrx_word' id='word_1_177' title='bbox 257 2881 326 2938; x_wconf 85' lang='lat' dir='ltr'>pater</span> <span class='ocrx_word' id='word_1_178' title='bbox 339 2876 440 2936; x_wconf 85' lang='lat' dir='ltr'>AEneas‚</span> <span class='ocrx_word' id='word_1_179' title='bbox 453 2883 478 2923; x_wconf 91' lang='lat' dir='ltr'>et</span> <span class='ocrx_word' id='word_1_180' title='bbox 485 2876 537 2935; x_wconf 84' lang='lat' dir='ltr'>jam</span> <span class='ocrx_word' id='word_1_181' title='bbox 548 2875 658 2942; x_wconf 78' lang='lat' dir='ltr'>&#39;lrojana</span> <span class='ocrx_word' id='word_1_182' title='bbox 665 2875 780 2934; x_wconf 82' lang='lat' dir='ltr'>juventus</span> 
     </span>
     <span class='ocr_line' id='line_1_28' title="bbox 162 2962 808 3026; baseline -0.003 -15"><span class='ocrx_word' id='word_1_183' title='bbox 162 2963 327 3024; x_wconf 83' lang='lat' dir='ltr'>Conveniunt,</span> <span class='ocrx_word' id='word_1_184' title='bbox 339 2970 462 3024; x_wconf 84' lang='lat' dir='ltr'>stratoque</span> <span class='ocrx_word' id='word_1_185' title='bbox 474 2977 546 3026; x_wconf 88' lang='lat' dir='ltr'>super</span> <span class='ocrx_word' id='word_1_186' title='bbox 558 2962 720 3012; x_wconf 82' lang='lat' dir='ltr'>discumbitur</span> <span class='ocrx_word' id='word_1_187' title='bbox 731 2969 808 3010; x_wconf 87' lang='lat' dir='ltr'>ostro.</span> 
     </span>
     <span class='ocr_line' id='line_1_29' title="bbox 161 3050 880 3116; baseline -0.004 -15"><span class='ocrx_word' id='word_1_188' title='bbox 161 3053 226 3101; x_wconf 88' lang='lat' dir='ltr'>Dant</span> <span class='ocrx_word' id='word_1_189' title='bbox 235 3052 323 3102; x_wconf 84' lang='lat' dir='ltr'>famuli</span> <span class='ocrx_word' id='word_1_190' title='bbox 334 3052 446 3101; x_wconf 89' lang='lat' dir='ltr'>manibus</span> <span class='ocrx_word' id='word_1_191' title='bbox 459 3053 581 3116; x_wconf 84' lang='lat' dir='ltr'>lymphas,</span> <span class='ocrx_word' id='word_1_192' title='bbox 594 3053 757 3112; x_wconf 83' lang='lat' dir='ltr'>Cereremque</span> <span class='ocrx_word' id='word_1_193' title='bbox 767 3050 880 3098; x_wconf 85' lang='lat' dir='ltr'>canistris</span> 
     </span>
    </p>
   </div>
   <div class='ocr_carea' id='block_1_3' title="bbox 159 3142 758 3208">
    <p class='ocr_par' dir='ltr' id='par_1_5' title="bbox 159 3142 758 3208">
     <span class='ocr_line' id='line_1_30' title="bbox 159 3142 758 3208; baseline -0.003 -15"><span class='ocrx_word' id='word_1_194' title='bbox 159 3146 312 3208; x_wconf 82' lang='lat' dir='ltr'>Expediunt,</span> <span class='ocrx_word' id='word_1_195' title='bbox 324 3144 449 3208; x_wconf 88' lang='lat' dir='ltr'>tonsisque</span> <span class='ocrx_word' id='word_1_196' title='bbox 462 3146 545 3195; x_wconf 82' lang='lat' dir='ltr'>ferunt</span> <span class='ocrx_word' id='word_1_197' title='bbox 556 3142 758 3195; x_wconf 84' lang='lat' dir='ltr'>manteliavillis.</span> 
     </span>
    </p>
   </div>
   <div class='ocr_carea' id='block_1_4' title="bbox 0 0 1173 3734">
    <p class='ocr_par' dir='ltr' id='par_1_6' title="bbox 0 0 1173 3734">
     <span class='ocr_line' id='line_1_31' title="bbox 0 0 1173 3734; baseline 0 0"><span class='ocrx_word' id='word_1_198' title='bbox 0 0 1173 3734; x_wconf 95' lang='lat' dir='ltr'> </span> 
     </span>
    </p>
   </div>
  </div>
 </body>
</html>
