2334 3734
224 517 273 565 430
446 517 474 563 Ρ.
490 516 629 565 vinatiis
645 514 801 565 MABONlS

226 645 286 693 Post
295 657 340 705 ego
353 644 418 693 nube
428 656 486 691 esra
495 644 642 693 miserendis
651 657 741 707 corpus
752 652 779 693 et
786 659 855 694 arms

224 737 358 801 inspoliata
368 738 444 787 iernrn
456 738 562 797 tumulo,
573 736 705 800 patrieque
714 750 839 801 reponunt.

223 826 294 877 Dixit
303 845 309 874 ε
327 834 352 875 et
362 826 405 874 illu
415 826 475 874 levis
485 827 546 889 coeli
552 826 651 889 delapsa
660 839 704 888 per
714 839 786 874 aures

226 914 347 973 insonuit,
360 913 428 973 nigro
440 912 590 963 circumdata
600 913 698 963 turbine
706 928 804 976 corpus.
876 973 880 979 Δ

256 1002 289 1050 At
298 1016 384 1050 manus
397 1001 489 1050 interea
499 1002 576 1050 muris
588 1004 697 1063 nojant
706 1002 862 1066 propinquet,

222 1089 365 1151 Etruscique
375 1090 458 1148 duces,
469 1090 626 1151 equitumque
636 1090 758 1140 exmcims
768 1091 869 1153 omnls;

224 1178 350 1243 Conpositi
361 1194 463 1228 numero
474 1179 500 1229 in
510 1187 612 1229 turmas.
645 1180 739 1229 Fremit
748 1194 847 1243 equore
854 1186 909 1229 toto

224 1270 347 1319 Insultans
358 1270 466 1332 sonipes,
478 1279 502 1319 et
512 1270 601 1333 pressis
612 1278 703 1333 pugnat
712 1270 814 1318 habenis

224 1360 279 1407 Huc
290 1360 405 1409 obversus
416 1367 441 1408 et
450 1360 498 1408 huc
508 1380 516 1421 ;
533 1367 587 1408 tum
597 1360 647 1407 lete
657 1359 752 1407 ferrens
762 1357 839 1406 bustis

227 1450 319 1499 Horret
330 1464 396 1511 ager,
409 1449 533 1512 campique
544 1448 618 1497 ermis
628 1448 773 1497 sublimibus
783 1447 877 1497 ardent

225 1539 277 1587 Nec
288 1552 338 1587 non
349 1540 475 1601 Messapus
486 1546 581 1597 contra,
593 1538 733 1599 celeresque
743 1537 834 1597 usum,

222 1628 319 1675 Etcum
330 1627 405 1675 fratre
416 1629 503 1686 Corus,
510 1633 536 1674 et
546 1626 646 1687 virginis
658 1627 698 1674 nlo
709 1625 830 1686 Camillae,

225 1715 327 1764 Adversi
338 1728 423 1776 cumpo
434 1714 559 1777 adparent,
570 1714 698 1776 hastasque
708 1714 812 1763 reductis

223 1805 376 1853 Protendunt
386 1805 458 1865 longe
469 1805 571 1864 dextris,
583 1812 609 1852 et
619 1804 712 1866 spiculo
721 1804 837 1865 vibrnnt3
861 1844 866 1850 .

222 1891 393 1952 Adventusque
404 1891 483 1939 virum
493 1892 654 1953 fremitusque
664 1891 768 1939 ardoecic
778 1904 903 1952 equorum.

219 1982 323 2041 Jamque
335 1980 399 2028 intra
407 1982 500 2039 iactum
510 1980 554 2027 teli
563 1994 706 2041 progressus
714 1987 818 2041 uterque

220 2068 379 2119 Substiterst:
397 2070 476 2119 subito
487 2078 619 2133 erumpunt
628 2071 747 2130 clamore,
758 2067 933 2132 frementisqne

218 2158 385 2208 Exhortsutur
395 2172 470 2221 equos
482 2178 490 2222 3
511 2160 619 2209 fundunt
627 2160 701 2209 simul
714 2159 819 2222 undique
832 2160 881 2209 tels

115 2300 117 2305 ,
219 2249 311 2297 crebro
325 2247 388 2297 nivis
400 2248 459 2308 ritu,
470 2250 609 2311 coelumque
620 2248 744 2297 obtexitur
754 2248 849 2297 umbre

220 2336 343 2386 Continuo
356 2336 460 2386 adversis
471 2338 613 2400 Tyrrhenus
622 2344 649 2385 et
657 2350 714 2385 acer
725 2339 847 2387 Aconteus

221 2426 327 2497 connixi
339 2426 467 2475 incurrunt
478 2427 564 2486 hostis,
574 2426 694 2490 primique
703 2426 800 2475 ruinam

218 2516 285 2563 Dant
295 2515 376 2564 sonitu
386 2516 488 2576 ingenti,
499 2517 669 2578 perfractaque
680 2516 905 2579 quadrupedurtum

218 2603 320 2651 Pectora
330 2603 467 2664 pectoribus
479 2612 604 2666 rumpunt.
637 2608 759 2655 Excussus
770 2607 904 2665 Aconteus,

216 2688 336 2738 Fulminis
351 2689 380 2736 ln
395 2702 499 2750 morem,
509 2699 552 2739 sut
562 2700 685 2743 tormento
697 2694 810 2757 ponderis
821 2694 879 2755 scti,

218 2777 357 2840 Praecipitnt
369 2779 451 2840 longe,
463 2788 488 2828 et
498 2778 571 2829 vitam
584 2782 700 2846 dispergit
709 2783 735 2830 in
746 2796 826 2833 euros.

217 2867 348 2929 Extemplo
359 2869 460 2916 turbata
471 2870 543 2930 scies,
553 2872 663 2934 versique
674 2871 754 2921 Latini
776 2870 779 2875 ’

213 2954 337 3015 Reliciunt
347 2970 452 3017 parmss,
464 2967 489 3008 et
498 2974 572 3021 equos
583 2960 615 3009 sd
626 2960 717 3009 moenlu
726 2968 831 3009 vertunt

213 3044 290 3091 Troes
302 3052 387 3104 agunt:
406 3046 516 3110 princeps
526 3055 620 3097 turmas
631 3049 725 3098 inducit
732 3050 827 3114 Asylus.

212 3130 316 3190 dumque
327 3130 521 3192 propinquabant
531 3135 618 3197 portis,
628 3150 760 3198 rursusque
770 3135 851 3186 hutini
