2334 3734
226 522 257 570 90
447 524 475 571 P.
491 523 628 573 VIRGILII
646 521 807 575 Mauortls

226 651 366 710 Pastomm,
378 657 404 699 et
413 651 486 712 louge
497 653 574 703 saltus
585 654 682 715 lamone
693 653 809 703 meantis.

260 739 306 787 Hic
313 739 438 801 quondam
449 742 536 789 morbo
547 741 606 790 cosli
615 741 754 791 miseranda
763 749 849 790 coorta
857 748 896 792 est

217 819 378 892 *tempestae
390 837 490 892 totoque
502 831 627 880 auctumni
639 830 764 880 incanduit
774 839 846 892 aestu,

226 918 259 967 Et
268 932 344 980 genus
355 933 429 968 omne
441 920 495 968 neci
505 921 627 983 pecudum
637 921 714 982 dedit,
726 935 801 970 omne
811 921 936 984 ferarum

228 1007 395 1072 Concupitque
406 1010 491 1072 lacus3
509 1009 594 1059 iniecit
604 1011 694 1073 pabula
704 1012 770 1059 tabo.

228 1099 280 1146 Nec
289 1097 329 1146 tia
340 1098 427 1147 mortis
438 1107 491 1148 erat
501 1098 606 1161 simplex
615 1119 623 1161 3
640 1098 684 1147 sed
694 1098 737 1148 ubi
748 1099 819 1160 ignes
828 1099 898 1148 venis

229 1185 351 1235 Omnibus
364 1195 417 1236 acta
429 1187 482 1236 sitis
493 1187 597 1236 miseros
610 1187 745 1237 adduxerat
753 1195 835 1237 artus:

229 1278 322 1326 Rursus
333 1276 471 1325 abundabat
481 1275 570 1324 fluidus
581 1276 673 1338 liquor,
685 1277 815 1340 omniaque
826 1277 852 1326 in
863 1291 891 1326 se

229 1367 294 1415 Ossa
303 1365 443 1416 minutatim
455 1367 543 1415 morbo
553 1368 668 1430 conlapsa
677 1369 798 1418 trahebat.

230 1456 298 1518 Saepe
310 1455 336 1503 in
347 1456 441 1504 honore
451 1455 526 1504 deum
537 1456 618 1505 medio
629 1465 696 1506 stans
705 1457 788 1506 hostia
798 1457 829 1505 ad
840 1470 919 1517 mam,

230 1546 311 1594 banea
321 1545 379 1593 dum
390 1545 462 1594 nivea
471 1545 635 1594 circumdabar
646 1546 726 1595 infula
736 1546 806 1607 vitta,

232 1636 299 1684 Inter
310 1635 445 1684 cunetamis
456 1635 543 1684 cecidit
554 1635 701 1685 moribunda
711 1636 846 1686 ministros.

231 1725 282 1771 Aut
293 1724 314 1771 si
325 1738 397 1785 quam
408 1725 473 1772 ferro
485 1732 632 1773 mactaverat
640 1729 697 1774 ante
707 1725 831 1786 sacerdos,

233 1812 292 1861 lude
303 1826 381 1874 neque
392 1813 504 1876 inpositis
513 1813 600 1862 ardent
609 1815 697 1864 altaria
706 1815 792 1878 fibris3

234 1904 285 1951 Nec
295 1916 412 1965 responsa
422 1911 502 1966 potest
511 1906 638 1954 consultus
647 1905 749 1954 reddere
759 1913 825 1954 vates
837 1925 845 1967 3

234 1994 271 2040 Ae
281 1991 324 2039 vix
336 1991 454 2055 suppositi
464 1992 609 2054 tinguuntur
621 1992 738 2054 sanguine
746 1991 830 2053 cultri,

235 2082 383 2142 Summaque
393 2081 477 2141 jejuna
487 2082 554 2130 sanie
565 2082 702 2132 infuscatur
714 2095 796 2131 mena.

237 2170 301 2219 Hinc
312 2170 374 2218 laetis
382 2170 453 2219 vituli
463 2172 535 2232 volgo
546 2171 687 2221 moriuntur
698 2171 828 2233 inberbis,

237 2260 269 2308 Et
280 2258 357 2307 dulcis
369 2259 461 2308 animas
472 2261 545 2322 plena
554 2261 586 2310 ad
599 2262 717 2324 presepia
727 2260 841 2310 reddunt

239 2347 303 2395 Hinc
313 2347 412 2396 canibus
422 2349 518 2397 blandis
528 2349 608 2398 rabies
618 2349 696 2409 venit,
706 2358 732 2399 et
742 2351 820 2412 quatit
829 2365 907 2412 {egros

238 2436 324 2485 'l'ussis
335 2437 424 2486 anhela
434 2451 490 2486 sues
502 2452 529 2486 ac
540 2438 649 2486 faucibus
660 2438 727 2500 angit
738 2440 826 2489 obesis.

240 2525 340 2574 babitus
352 2525 450 2587 infelix,
462 2526 599 2576 studiorum
610 2534 682 2589 atque
693 2528 814 2577 inmemor
825 2528 918 2588 berboe,

239 2613 323 2664 Victor
334 2629 422 2677 equus,
437 2616 564 2678 fontesque
575 2616 703 2678 avertitur,
713 2625 739 2666 et
747 2617 809 2680 pede
818 2625 910 2667 terram

242 2703 334 2752 Crebra
344 2703 418 2766 ferit3
435 2703 546 2753 demissa
559 2719 646 2767 aures;
663 2705 771 2756 incertus
781 2707 873 2756 ibidem

240 2791 340 2854 Sudor;
358 2799 383 2841 et
392 2792 435 2840 ille
447 2792 546 2855 quidem
557 2794 684 2843 morituris
696 2795 811 2859 frigidum
829 2803 881 2845 aret

242 2879 327 2939 Pellis,
339 2888 364 2928 et
374 2882 405 2931 ad
416 2888 507 2930 tactum
517 2883 632 2932 tractanti
642 2883 705 2932 dura
714 2882 814 2933 resistit

241 2969 299 3017 Haec
310 2976 365 3017 ante
376 2969 478 3018 exitium
490 2972 575 3033 primis
587 2972 647 3020 dant
656 2972 725 3033 sigua
734 2971 828 3022 diebus.

242 3056 285 3106 Sin
296 3057 321 3106 in
333 3072 447 3120 processu
458 3060 531 3122 coepit
542 3059 683 3108 crudescere
694 3046 810 3109 morbusz

242 3146 306 3194 ium
320 3159 377 3194 vero
390 3146 501 3196 ardentes
515 3148 591 3208 oculi,
603 3156 676 3208 atque
686 3149 809 3198 adtroetus
820 3150 851 3198 ab
863 3151 914 3199 alto
