2334 3734
414 502 571 589 muninus
589 540 651 589 nis.
668 540 699 587 x.
914 538 961 587 sss

161 670 204 719 Nil
215 684 286 733 super
297 668 398 731 imperio
410 682 525 729 moveor3
542 666 691 730 speravimus
701 666 758 725 istu,

160 762 226 808 Dum
237 759 336 825 fortune
345 756 405 807 fuit:
422 756 530 816 vineunt,
541 770 603 817 quos
613 755 710 804 vincere
719 754 805 803 mutis.
837 784 844 791 -

161 846 188 897 Si
199 846 268 895 nulla
279 853 316 895 est
326 845 403 907 regio,
414 844 515 894 Teucris
525 858 599 905 quam
609 842 651 893 det
660 851 703 892 tun
710 843 818 905 oonjnnx

161 936 244 984 Dura:
261 949 304 997 per
315 946 414 993 eversus,
426 932 531 994 genitor,
543 932 663 982 iumentis
671 934 753 993 'troje

162 1023 264 1081 Excidia
274 1026 398 1085 obtestor;
415 1024 487 1073 liceat
497 1022 619 1072 dimittere
630 1024 662 1071 ab
671 1022 746 1071 armis

161 1113 312 1169 incolumem
324 1112 466 1171 Ascanium,
478 1112 549 1160 licent
559 1124 686 1173 superesse
697 1119 818 1173 nepotem.

161 1202 251 1251 AEneas
263 1216 320 1251 sune
330 1203 418 1263 ignotis
426 1204 530 1263 jecteun
541 1201 568 1250 in
578 1200 668 1264 undis;

160 1292 203 1352 Et,
214 1302 390 1354 quamcumque
401 1291 464 1340 viem
476 1290 569 1341 dederit
581 1293 700 1351 Fortuna,
707 1298 837 1352 sequnmrx
876 1316 881 1325 ·

163 1381 234 1429 Hunc
245 1388 336 1441 tegere,
346 1389 372 1429 et
381 1380 440 1429 uirae
450 1381 544 1435 valeant
553 1380 688 1430 ‘subduoere
697 1391 793 1441 pugneo.
866 1378 869 1385 '

160 1468 207 1517 Est
217 1470 348 1530 Amanus,
360 1478 397 1519 est
408 1471 473 1519 celsa
483 1468 545 1517 mihi
556 1470 664 1531 Paphus,
674 1475 747 1533 etque
759 1468 876 1532 Gytheo,

162 1558 293 1621 Idaliaeque
303 1559 404 1608 domus=
421 1558 506 1622 positis
518 1558 637 1620 inglorius
649 1556 724 1607 armis
817 1572 822 1579 ’

162 1647 251 1711 Exiget
260 1647 300 1696 hic
311 1662 397 1696 aerum.
432 1650 521 1709 Magna
532 1646 625 1697 ditione
634 1648 719 1707 jubeto
752 1698 755 1706 ,

164 1736 285 1797 Carthago
296 1745 390 1798 premat
398 1736 548 1799 Ausoniam
566 1737 637 1785 Nihil
648 1735 748 1785 urbinus
759 1734 816 1783 inde

164 1824 276 1874 obstabit
285 1824 374 1888 iuriis.
391 1836 394 1847 ¹
407 1825 472 1879 Quid
482 1833 575 1889 pestem
587 1824 687 1875 evadere
698 1823 757 1873 belii

162 1912 241 1974 Juvit,
253 1922 278 1962 et
288 1914 414 1975 Argolicos
426 1914 531 1963 medium
544 1914 635 1977 fingisse
645 1926 689 1976 per
700 1912 773 1974 ignis,
852 1973 855 1978 y

161 2003 256 2065 Totque
268 2003 341 2065 maris
351 2010 471 2065 vesteque
481 2005 600 2053 exhauste
608 2003 717 2066 periculo
727 2010 798 2052 terrae
809 2022 815 2051 ι
846 2064 853 2079 .

163 2091 227 2137 Dum
239 2089 335 2138 Latium
342 2091 431 2139 Teucri
441 2091 592 2152 recidivaque
604 2094 720 2151 Pergama
730 2094 859 2153 quierunt?

158 2179 220 2225 'Non
232 2176 317 2237 satius,
329 2176 422 2225 cineres
433 2178 516 2239 patrie
528 2178 645 2227 insedisse
654 2192 790 2239 supremos,

162 2266 242 2326 Atque
254 2265 345 2323 solum,
356 2278 404 2325 quo
412 2266 488 2325 Troia
497 2264 545 2313 fuit
555 2267 564 2312 ἓ
600 2265 727 2313 Xanthum
736 2273 763 2314 et
772 2265 897 2314 Simoente

164 2352 257 2413 Redde,
267 2367 323 2411 oro,
336 2352 443 2401 miseris:
461 2353 599 2413 iterumque
609 2353 732 2401 revolvere
742 2367 813 2401 cesus

163 2443 211 2502 Da,
223 2449 301 2504 pater,
315 2440 401 2491 iliscos
411 2442 520 2490 Teucris.
552 2443 618 2489 Tum
629 2441 695 2501 regie
705 2443 720 2490 J
724 2452 774 2490 uno

164 2531 225 2592 Aeta
232 2533 315 2580 furore
326 2531 409 2593 gravi:
427 2532 492 2586 Quid
505 2545 544 2581 me
555 2532 604 2580 alte
615 2530 712 2579 silentis
722 2530 789 2592 cogis

108 2651 113 2659 ·
164 2622 295 2685 Rumpere,
307 2630 332 2671 et
342 2622 474 2674 obductum
485 2622 564 2673 verbis
575 2623 672 2683 volgare
682 2621 813 2671 dolorem?

164 2710 258 2759 AEnean
269 2710 396 2761 hominum
407 2713 534 2775 quisquam
545 2712 674 2774 divomque
684 2711 782 2773 subegit·

164 2799 234 2847 Belin
244 2800 321 2861 sequi,
332 2810 374 2850 eut
384 2803 480 2852 hostem
491 2802 542 2864 regi
553 2817 579 2851 se
589 2802 681 2851 inferre
691 2801 798 2850 Latino?

164 2887 260 2936 Italiam
272 2888 328 2937 fatis
338 2891 407 2952 petiit
417 2892 573 2953 auctoribus3
591 2899 661 2940 estes
711 2926 714 2929 -

165 2976 307 3025 Cassandrae
319 2960 428 3039 inpuisus
440 2979 519 3029 iuriis.
553 2981 619 3039 Num
630 2979 740 3041 linquere
750 2984 830 3027 eastra

166 3065 263 3115 Hormti
274 3079 368 3125 snmus,
376 3073 420 3115 sut
429 3068 503 3117 vitum
513 3068 658 3117 conmittere
667 3065 746 3115 rerttis
756 3068 766 3114 ἓ

166 3156 232 3203 Num
243 3169 318 3218 puero
330 3168 451 3207 summam
462 3158 530 3217 beili,
542 3172 603 3206 num
611 3156 711 3207 eredere
721 3169 805 3205 muros
816 3158 826 3204 ἓ
