<?xml version="1.0" encoding="UTF-8"?>
<!DOCTYPE html PUBLIC "-//W3C//DTD XHTML 1.0 Transitional//EN"
    "http://www.w3.org/TR/xhtml1/DTD/xhtml1-transitional.dtd">
<html xmlns="http://www.w3.org/1999/xhtml" xml:lang="en" lang="en">
 <head>
  <title>
</title>
<meta http-equiv="Content-Type" content="text/html;charset=utf-8" />
  <meta name='ocr-system' content='tesseract 3.04.00' />
  <meta name='ocr-capabilities' content='ocr_page ocr_carea ocr_par ocr_line ocrx_word'/>
</head>
<body>
  <div class='ocr_page' id='page_1' title='image "./publiivirgiliim00heyngoog/publiivirgiliim00heyngoog_0423.png"; bbox 0 0 2334 3734; ppageno 0'>
   <div class='ocr_carea' id='block_1_1' title="bbox 390 533 943 605">
    <p class='ocr_par' dir='ltr' id='par_1_1' title="bbox 390 533 943 605">
     <span class='ocr_line' id='line_1_1' title="bbox 390 533 943 605; baseline 0.011 -25"><span class='ocrx_word' id='word_1_1' title='bbox 390 533 546 585; x_wconf 74' lang='lat' dir='ltr'>nuninos</span> <span class='ocrx_word' id='word_1_2' title='bbox 563 535 626 605; x_wconf 76' lang='lat' dir='ltr'>nia</span> <span class='ocrx_word' id='word_1_3' title='bbox 642 537 687 585; x_wconf 84' lang='lat' dir='ltr'>xi.</span> <span class='ocrx_word' id='word_1_4' title='bbox 895 540 943 586; x_wconf 80' lang='lat' dir='ltr'>tia</span> 
     </span>
    </p>
   </div>
   <div class='ocr_carea' id='block_1_2' title="bbox 83 658 889 2561">
    <p class='ocr_par' dir='ltr' id='par_1_2' title="bbox 149 658 889 1422">
     <span class='ocr_line' id='line_1_2' title="bbox 182 658 734 722; baseline 0.004 -13"><span class='ocrx_word' id='word_1_5' title='bbox 182 662 287 720; x_wconf 81' lang='lat' dir='ltr'><strong>Jamque</strong></span> <span class='ocrx_word' id='word_1_6' title='bbox 297 668 405 707; x_wconf 88' lang='lat' dir='ltr'>oratores</span> <span class='ocrx_word' id='word_1_7' title='bbox 416 658 516 709; x_wconf 83' lang='lat' dir='ltr'>aderant</span> <span class='ocrx_word' id='word_1_8' title='bbox 526 674 558 709; x_wconf 84' lang='lat' dir='ltr'>ex</span> <span class='ocrx_word' id='word_1_9' title='bbox 570 662 629 709; x_wconf 88' lang='lat' dir='ltr'>urbe</span> <span class='ocrx_word' id='word_1_10' title='bbox 640 661 734 722; x_wconf 62' lang='grc' dir='ltr'>Μαι,</span> 
     </span>
     <span class='ocr_line' id='line_1_3' title="bbox 149 744 685 809; baseline 0.004 -14"><span class='ocrx_word' id='word_1_11' title='bbox 149 746 228 795; x_wconf 82' lang='lat' dir='ltr'>Veluti</span> <span class='ocrx_word' id='word_1_12' title='bbox 239 744 312 795; x_wconf 88' lang='lat' dir='ltr'>ramis</span> <span class='ocrx_word' id='word_1_13' title='bbox 323 747 395 806; x_wconf 81' lang='lat' dir='ltr'>oleae,</span> <span class='ocrx_word' id='word_1_14' title='bbox 405 747 547 809; x_wconf 87' lang='lat' dir='ltr'>veniamque</span> <span class='ocrx_word' id='word_1_15' title='bbox 557 754 685 808; x_wconf 73' lang='lat' dir='ltr'>rogantes:</span> 
     </span>
     <span class='ocr_line' id='line_1_4' title="bbox 153 834 772 896; baseline 0.006 -15"><span class='ocrx_word' id='word_1_16' title='bbox 153 834 272 895; x_wconf 77' lang='lat' dir='ltr'>Corpora,</span> <span class='ocrx_word' id='word_1_17' title='bbox 284 846 326 895; x_wconf 89' lang='lat' dir='ltr'>per</span> <span class='ocrx_word' id='word_1_18' title='bbox 337 846 434 895; x_wconf 88' lang='lat' dir='ltr'>campos</span> <span class='ocrx_word' id='word_1_19' title='bbox 447 834 512 882; x_wconf 81' lang='lat' dir='ltr'>ferro</span> <span class='ocrx_word' id='word_1_20' title='bbox 523 849 576 896; x_wconf 74' lang='lat' dir='ltr'>quse</span> <span class='ocrx_word' id='word_1_21' title='bbox 588 836 643 884; x_wconf 84' lang='lat' dir='ltr'>fusa</span> <span class='ocrx_word' id='word_1_22' title='bbox 649 835 772 896; x_wconf 84' lang='lat' dir='ltr'>jacebant,</span> 
     </span>
     <span class='ocr_line' id='line_1_5' title="bbox 152 920 767 985; baseline 0.003 -16"><span class='ocrx_word' id='word_1_23' title='bbox 152 920 281 980; x_wconf 82' lang='lat' dir='ltr'>Redderet,</span> <span class='ocrx_word' id='word_1_24' title='bbox 293 933 321 967; x_wconf 88' lang='lat' dir='ltr'>ac</span> <span class='ocrx_word' id='word_1_25' title='bbox 332 921 427 977; x_wconf 81' lang='lat' dir='ltr'>tumulo</span> <span class='ocrx_word' id='word_1_26' title='bbox 439 920 530 970; x_wconf 87' lang='lat' dir='ltr'>sineret</span> <span class='ocrx_word' id='word_1_27' title='bbox 540 922 668 971; x_wconf 86' lang='lat' dir='ltr'>succedere</span> <span class='ocrx_word' id='word_1_28' title='bbox 678 930 767 985; x_wconf 56' lang='lat' dir='ltr'>terrm</span> 
     </span>
     <span class='ocr_line' id='line_1_6' title="bbox 151 1007 764 1073; baseline 0.005 -16"><span class='ocrx_word' id='word_1_29' title='bbox 151 1009 255 1067; x_wconf 81' lang='lat' dir='ltr'>Nullum</span> <span class='ocrx_word' id='word_1_30' title='bbox 266 1022 322 1055; x_wconf 88' lang='lat' dir='ltr'>cum</span> <span class='ocrx_word' id='word_1_31' title='bbox 333 1007 402 1056; x_wconf 84' lang='lat' dir='ltr'>victis</span> <span class='ocrx_word' id='word_1_32' title='bbox 408 1016 530 1057; x_wconf 89' lang='lat' dir='ltr'>certamen</span> <span class='ocrx_word' id='word_1_33' title='bbox 539 1018 564 1058; x_wconf 92' lang='lat' dir='ltr'>et</span> <span class='ocrx_word' id='word_1_34' title='bbox 574 1011 664 1060; x_wconf 83' lang='lat' dir='ltr'>aethere</span> <span class='ocrx_word' id='word_1_35' title='bbox 673 1010 764 1073; x_wconf 60' lang='lat' dir='ltr'>casem</span> 
     </span>
     <span class='ocr_line' id='line_1_7' title="bbox 151 1096 799 1160; baseline 0.005 -16"><span class='ocrx_word' id='word_1_36' title='bbox 151 1097 263 1145; x_wconf 83' lang='lat' dir='ltr'>Parceret</span> <span class='ocrx_word' id='word_1_37' title='bbox 273 1096 407 1158; x_wconf 79' lang='lat' dir='ltr'><strong>hospitibus</strong></span> <span class='ocrx_word' id='word_1_38' title='bbox 419 1097 541 1159; x_wconf 84' lang='lat' dir='ltr'>quondam</span> <span class='ocrx_word' id='word_1_39' title='bbox 553 1099 691 1160; x_wconf 69' lang='lat' dir='ltr'>socerisque</span> <span class='ocrx_word' id='word_1_40' title='bbox 701 1098 799 1147; x_wconf 83' lang='lat' dir='ltr'>vocetis.</span> 
     </span>
     <span class='ocr_line' id='line_1_8' title="bbox 152 1185 888 1249; baseline 0.005 -17"><span class='ocrx_word' id='word_1_41' title='bbox 152 1186 220 1238; x_wconf 85' lang='lat' dir='ltr'>Quos</span> <span class='ocrx_word' id='word_1_42' title='bbox 230 1185 308 1233; x_wconf 89' lang='lat' dir='ltr'>bonus</span> <span class='ocrx_word' id='word_1_43' title='bbox 321 1186 422 1244; x_wconf 83' lang='lat' dir='ltr'>AEnees,</span> <span class='ocrx_word' id='word_1_44' title='bbox 434 1186 499 1235; x_wconf 81' lang='lat' dir='ltr'>haud</span> <span class='ocrx_word' id='word_1_45' title='bbox 510 1186 660 1248; x_wconf 82' lang='lat' dir='ltr'>aspernanda</span> <span class='ocrx_word' id='word_1_46' title='bbox 670 1187 802 1249; x_wconf 83' lang='lat' dir='ltr'>preeuntis,</span> <span class='ocrx_word' id='word_1_47' title='bbox 885 1201 888 1205; x_wconf 87' lang='lat'>·</span> 
     </span>
     <span class='ocr_line' id='line_1_9' title="bbox 154 1271 889 1335; baseline 0.007 -16"><span class='ocrx_word' id='word_1_48' title='bbox 154 1271 311 1333; x_wconf 71' lang='lat' dir='ltr'>Prosequitur</span> <span class='ocrx_word' id='word_1_49' title='bbox 322 1271 402 1331; x_wconf 84' lang='lat' dir='ltr'>venia,</span> <span class='ocrx_word' id='word_1_50' title='bbox 413 1279 438 1320; x_wconf 90' lang='lat' dir='ltr'>et</span> <span class='ocrx_word' id='word_1_51' title='bbox 450 1272 527 1321; x_wconf 81' lang='lat' dir='ltr'>verbis</span> <span class='ocrx_word' id='word_1_52' title='bbox 538 1273 591 1321; x_wconf 74' lang='lat' dir='ltr'>haec</span> <span class='ocrx_word' id='word_1_53' title='bbox 601 1273 699 1335; x_wconf 85' lang='lat' dir='ltr'>insuper</span> <span class='ocrx_word' id='word_1_54' title='bbox 710 1273 791 1323; x_wconf 80' lang='lat' dir='ltr'>addit:</span> <span class='ocrx_word' id='word_1_55' title='bbox 884 1300 889 1307; x_wconf 88' lang='lat'>·</span> 
     </span>
     <span class='ocr_line' id='line_1_10' title="bbox 151 1360 745 1422; baseline 0.003 -14"><span class='ocrx_word' id='word_1_56' title='bbox 151 1362 270 1415; x_wconf 75' lang='lat' dir='ltr'>Quaenam</span> <span class='ocrx_word' id='word_1_57' title='bbox 280 1374 323 1409; x_wconf 84' lang='lat' dir='ltr'>vos</span> <span class='ocrx_word' id='word_1_58' title='bbox 335 1366 404 1409; x_wconf 84' lang='lat' dir='ltr'>tanto</span> <span class='ocrx_word' id='word_1_59' title='bbox 415 1362 523 1409; x_wconf 83' lang='lat' dir='ltr'>Fortuna</span> <span class='ocrx_word' id='word_1_60' title='bbox 534 1360 643 1421; x_wconf 77' lang='lat' dir='ltr'>indigna,</span> <span class='ocrx_word' id='word_1_61' title='bbox 655 1361 745 1422; x_wconf 80' lang='lat' dir='ltr'>Ladni,</span> 
     </span>
    </p>

    <p class='ocr_par' dir='ltr' id='par_1_3' title="bbox 83 1434 695 1511">
     <span class='ocr_line' id='line_1_11' title="bbox 83 1434 695 1511; baseline 0 -14"><span class='ocrx_word' id='word_1_62' title='bbox 83 1434 85 1437; x_wconf 81' lang='grc'><strong>’</strong></span> <span class='ocrx_word' id='word_1_63' title='bbox 154 1448 268 1511; x_wconf 76' lang='lat' dir='ltr'>tnpnons</span> <span class='ocrx_word' id='word_1_64' title='bbox 278 1448 354 1507; x_wconf 80' lang='lat' dir='ltr'>beno,</span> <span class='ocrx_word' id='word_1_65' title='bbox 367 1446 408 1509; x_wconf 85' lang='lat' dir='ltr'>qui</span> <span class='ocrx_word' id='word_1_66' title='bbox 419 1461 464 1495; x_wconf 78' lang='lat' dir='ltr'>nos</span> <span class='ocrx_word' id='word_1_67' title='bbox 476 1448 573 1507; x_wconf 62' lang='lat' dir='ltr'>upana</span> <span class='ocrx_word' id='word_1_68' title='bbox 584 1449 695 1497; x_wconf 66' lang='lat' dir='ltr'>mesos?</span> 
     </span>
    </p>

    <p class='ocr_par' dir='ltr' id='par_1_4' title="bbox 153 1535 808 2214">
     <span class='ocr_line' id='line_1_12' title="bbox 154 1535 757 1597; baseline 0 -12"><span class='ocrx_word' id='word_1_69' title='bbox 154 1538 241 1585; x_wconf 85' lang='lat' dir='ltr'>Pacem</span> <span class='ocrx_word' id='word_1_70' title='bbox 251 1549 291 1584; x_wconf 82' lang='lat' dir='ltr'>ine</span> <span class='ocrx_word' id='word_1_71' title='bbox 302 1535 421 1583; x_wconf 81' lang='lat' dir='ltr'>exanimis</span> <span class='ocrx_word' id='word_1_72' title='bbox 432 1542 457 1583; x_wconf 92' lang='lat' dir='ltr'>et</span> <span class='ocrx_word' id='word_1_73' title='bbox 468 1535 555 1584; x_wconf 85' lang='lat' dir='ltr'>Martis</span> <span class='ocrx_word' id='word_1_74' title='bbox 567 1542 633 1583; x_wconf 88' lang='lat' dir='ltr'>sorte</span> <span class='ocrx_word' id='word_1_75' title='bbox 644 1535 757 1597; x_wconf 86' lang='lat' dir='ltr'>peremtis</span> 
     </span>
     <span class='ocr_line' id='line_1_13' title="bbox 153 1622 749 1686; baseline -0.003 -13"><span class='ocrx_word' id='word_1_76' title='bbox 153 1624 236 1674; x_wconf 86' lang='lat' dir='ltr'>Oratis</span> <span class='ocrx_word' id='word_1_77' title='bbox 247 1626 258 1672; x_wconf 79' lang='lat' dir='ltr'>t</span> <span class='ocrx_word' id='word_1_78' title='bbox 277 1623 388 1686; x_wconf 86' lang='lat' dir='ltr'>equidem</span> <span class='ocrx_word' id='word_1_79' title='bbox 402 1632 427 1672; x_wconf 91' lang='lat' dir='ltr'>et</span> <span class='ocrx_word' id='word_1_80' title='bbox 438 1623 497 1671; x_wconf 80' lang='lat' dir='ltr'>vivis</span> <span class='ocrx_word' id='word_1_81' title='bbox 508 1622 642 1671; x_wconf 81' lang='lat' dir='ltr'>concedere</span> <span class='ocrx_word' id='word_1_82' title='bbox 652 1623 749 1671; x_wconf 84' lang='lat' dir='ltr'>veliem.</span> 
     </span>
     <span class='ocr_line' id='line_1_14' title="bbox 154 1708 779 1772; baseline -0.003 -11"><span class='ocrx_word' id='word_1_83' title='bbox 154 1714 206 1761; x_wconf 85' lang='lat' dir='ltr'>Nec</span> <span class='ocrx_word' id='word_1_84' title='bbox 215 1710 282 1771; x_wconf 84' lang='lat' dir='ltr'>veni,</span> <span class='ocrx_word' id='word_1_85' title='bbox 293 1711 340 1759; x_wconf 89' lang='lat' dir='ltr'>nisi</span> <span class='ocrx_word' id='word_1_86' title='bbox 351 1712 401 1761; x_wconf 81' lang='lat' dir='ltr'>fata</span> <span class='ocrx_word' id='word_1_87' title='bbox 410 1711 491 1759; x_wconf 89' lang='lat' dir='ltr'>locum</span> <span class='ocrx_word' id='word_1_88' title='bbox 502 1708 633 1771; x_wconf 80' lang='lat' dir='ltr'>sedentque</span> <span class='ocrx_word' id='word_1_89' title='bbox 642 1710 779 1772; x_wconf 84' lang='lat' dir='ltr'>dedissent;</span> 
     </span>
     <span class='ocr_line' id='line_1_15' title="bbox 155 1798 808 1861; baseline 0 -12"><span class='ocrx_word' id='word_1_90' title='bbox 155 1802 206 1849; x_wconf 88' lang='lat' dir='ltr'>Nee</span> <span class='ocrx_word' id='word_1_91' title='bbox 216 1800 308 1850; x_wconf 85' lang='lat' dir='ltr'>bellum</span> <span class='ocrx_word' id='word_1_92' title='bbox 319 1814 375 1848; x_wconf 89' lang='lat' dir='ltr'>cum</span> <span class='ocrx_word' id='word_1_93' title='bbox 386 1808 457 1861; x_wconf 78' lang='lat' dir='ltr'>gente</span> <span class='ocrx_word' id='word_1_94' title='bbox 468 1812 541 1861; x_wconf 76' lang='lat' dir='ltr'>ger03</span> <span class='ocrx_word' id='word_1_95' title='bbox 557 1812 603 1847; x_wconf 88' lang='lat' dir='ltr'>rex</span> <span class='ocrx_word' id='word_1_96' title='bbox 613 1805 698 1847; x_wconf 88' lang='lat' dir='ltr'>nostra</span> <span class='ocrx_word' id='word_1_97' title='bbox 709 1798 808 1861; x_wconf 82' lang='lat' dir='ltr'>reliquit</span> 
     </span>
     <span class='ocr_line' id='line_1_16' title="bbox 158 1885 736 1950; baseline 0 -15"><span class='ocrx_word' id='word_1_98' title='bbox 158 1887 279 1950; x_wconf 77' lang='lat' dir='ltr'>Hospitis,</span> <span class='ocrx_word' id='word_1_99' title='bbox 291 1894 316 1935; x_wconf 89' lang='lat' dir='ltr'>et</span> <span class='ocrx_word' id='word_1_100' title='bbox 325 1886 404 1935; x_wconf 77' lang='lat' dir='ltr'>&#39;iiuni</span> <span class='ocrx_word' id='word_1_101' title='bbox 414 1886 494 1949; x_wconf 89' lang='lat' dir='ltr'>potius</span> <span class='ocrx_word' id='word_1_102' title='bbox 505 1901 531 1937; x_wconf 87' lang='lat' dir='ltr'>sc</span> <span class='ocrx_word' id='word_1_103' title='bbox 541 1886 643 1936; x_wconf 88' lang='lat' dir='ltr'>credidit</span> <span class='ocrx_word' id='word_1_104' title='bbox 653 1885 736 1936; x_wconf 67' lang='lat' dir='ltr'>umis.</span> 
     </span>
     <span class='ocr_line' id='line_1_17' title="bbox 157 1976 805 2040; baseline 0.002 -15"><span class='ocrx_word' id='word_1_105' title='bbox 157 1976 260 2037; x_wconf 79' lang='lat' dir='ltr'>AEquius</span> <span class='ocrx_word' id='word_1_106' title='bbox 271 1976 328 2024; x_wconf 85' lang='lat' dir='ltr'>huic</span> <span class='ocrx_word' id='word_1_107' title='bbox 337 1977 449 2025; x_wconf 81' lang='lat' dir='ltr'>&#39;Iurnum</span> <span class='ocrx_word' id='word_1_108' title='bbox 461 1976 540 2025; x_wconf 73' lang='lat' dir='ltr'>dierat</span> <span class='ocrx_word' id='word_1_109' title='bbox 550 1990 576 2025; x_wconf 90' lang='lat' dir='ltr'>se</span> <span class='ocrx_word' id='word_1_110' title='bbox 587 1990 711 2040; x_wconf 86' lang='lat' dir='ltr'>opponere</span> <span class='ocrx_word' id='word_1_111' title='bbox 721 1976 805 2027; x_wconf 85' lang='lat' dir='ltr'>morti.</span> 
     </span>
     <span class='ocr_line' id='line_1_18' title="bbox 158 2062 712 2126; baseline 0.002 -14"><span class='ocrx_word' id='word_1_112' title='bbox 158 2063 184 2113; x_wconf 85' lang='lat' dir='ltr'>Si</span> <span class='ocrx_word' id='word_1_113' title='bbox 195 2064 287 2111; x_wconf 86' lang='lat' dir='ltr'>bellum</span> <span class='ocrx_word' id='word_1_114' title='bbox 298 2062 369 2111; x_wconf 87' lang='lat' dir='ltr'>finire</span> <span class='ocrx_word' id='word_1_115' title='bbox 380 2076 463 2122; x_wconf 83' lang='lat' dir='ltr'>manu,</span> <span class='ocrx_word' id='word_1_116' title='bbox 475 2063 495 2111; x_wconf 86' lang='lat' dir='ltr'>si</span> <span class='ocrx_word' id='word_1_117' title='bbox 505 2065 596 2126; x_wconf 86' lang='lat' dir='ltr'>pellere</span> <span class='ocrx_word' id='word_1_118' title='bbox 604 2066 712 2113; x_wconf 82' lang='lat' dir='ltr'>Teucros</span> 
     </span>
     <span class='ocr_line' id='line_1_19' title="bbox 159 2150 775 2214; baseline 0 -15"><span class='ocrx_word' id='word_1_119' title='bbox 159 2150 279 2214; x_wconf 81' lang='lat' dir='ltr'>Adparet:</span> <span class='ocrx_word' id='word_1_120' title='bbox 297 2150 335 2197; x_wconf 89' lang='lat' dir='ltr'>his</span> <span class='ocrx_word' id='word_1_121' title='bbox 348 2162 444 2197; x_wconf 87' lang='lat' dir='ltr'>mecum</span> <span class='ocrx_word' id='word_1_122' title='bbox 455 2150 536 2198; x_wconf 84' lang='lat' dir='ltr'>decuit</span> <span class='ocrx_word' id='word_1_123' title='bbox 545 2164 690 2199; x_wconf 84' lang='lat' dir='ltr'>concurrere</span> <span class='ocrx_word' id='word_1_124' title='bbox 701 2151 775 2211; x_wconf 83' lang='lat' dir='ltr'>telis;</span> 
     </span>
    </p>

    <p class='ocr_par' dir='ltr' id='par_1_5' title="bbox 93 2224 798 2561">
     <span class='ocr_line' id='line_1_20' title="bbox 93 2224 763 2298; baseline 0 -11"><span class='ocrx_word' id='word_1_125' title='bbox 93 2224 95 2231; x_wconf 84' lang='lat'>&#39;</span> <span class='ocrx_word' id='word_1_126' title='bbox 156 2238 241 2298; x_wconf 70' lang='lat' dir='ltr'>viret,</span> <span class='ocrx_word' id='word_1_127' title='bbox 251 2237 291 2285; x_wconf 80' lang='lat' dir='ltr'>cut</span> <span class='ocrx_word' id='word_1_128' title='bbox 300 2236 375 2285; x_wconf 69' lang='lat' dir='ltr'>nun</span> <span class='ocrx_word' id='word_1_129' title='bbox 385 2235 443 2285; x_wconf 85' lang='lat' dir='ltr'>deus</span> <span class='ocrx_word' id='word_1_130' title='bbox 454 2242 496 2283; x_wconf 84' lang='lat' dir='ltr'>ant</span> <span class='ocrx_word' id='word_1_131' title='bbox 506 2236 763 2287; x_wconf 68' lang='lat' dir='ltr'>mnumdcdisses</span> 
     </span>
     <span class='ocr_line' id='line_1_21' title="bbox 161 2322 764 2385; baseline -0.002 -11"><span class='ocrx_word' id='word_1_132' title='bbox 161 2326 233 2374; x_wconf 90' lang='lat' dir='ltr'>Nunc</span> <span class='ocrx_word' id='word_1_133' title='bbox 244 2324 287 2384; x_wconf 89' lang='lat' dir='ltr'>ite,</span> <span class='ocrx_word' id='word_1_134' title='bbox 298 2331 323 2373; x_wconf 84' lang='lat' dir='ltr'>et</span> <span class='ocrx_word' id='word_1_135' title='bbox 334 2322 428 2373; x_wconf 67' lang='lat' dir='ltr'>mustis</span> <span class='ocrx_word' id='word_1_136' title='bbox 439 2322 567 2385; x_wconf 70' lang='lat' dir='ltr'>subponite</span> <span class='ocrx_word' id='word_1_137' title='bbox 573 2323 665 2374; x_wconf 83' lang='lat' dir='ltr'>civibus</span> <span class='ocrx_word' id='word_1_138' title='bbox 675 2324 764 2385; x_wconf 67' lang='lat' dir='ltr'>ignem</span> 
     </span>
     <span class='ocr_line' id='line_1_22' title="bbox 161 2410 737 2473; baseline -0.003 -12"><span class='ocrx_word' id='word_1_139' title='bbox 161 2412 263 2461; x_wconf 81' lang='lat' dir='ltr'>Dixerat</span> <span class='ocrx_word' id='word_1_140' title='bbox 272 2412 372 2460; x_wconf 79' lang='lat' dir='ltr'>AEneas.</span> <span class='ocrx_word' id='word_1_141' title='bbox 405 2410 458 2459; x_wconf 85' lang='lat' dir='ltr'>Olli</span> <span class='ocrx_word' id='word_1_142' title='bbox 468 2411 613 2473; x_wconf 76' lang='lat' dir='ltr'>obstupuere</span> <span class='ocrx_word' id='word_1_143' title='bbox 623 2412 737 2472; x_wconf 49' lang='lat' dir='ltr'>silentem</span> 
     </span>
     <span class='ocr_line' id='line_1_23' title="bbox 164 2498 798 2561; baseline -0.003 -12"><span class='ocrx_word' id='word_1_144' title='bbox 164 2498 326 2561; x_wconf 82' lang='lat' dir='ltr'>Conversique</span> <span class='ocrx_word' id='word_1_145' title='bbox 335 2498 420 2547; x_wconf 78' lang='lat' dir='ltr'>curios</span> <span class='ocrx_word' id='word_1_146' title='bbox 431 2498 493 2549; x_wconf 87' lang='lat' dir='ltr'>inter</span> <span class='ocrx_word' id='word_1_147' title='bbox 504 2512 530 2547; x_wconf 90' lang='lat' dir='ltr'>se</span> <span class='ocrx_word' id='word_1_148' title='bbox 541 2506 613 2560; x_wconf 83' lang='lat' dir='ltr'>atque</span> <span class='ocrx_word' id='word_1_149' title='bbox 623 2513 668 2547; x_wconf 84' lang='lat' dir='ltr'>ora</span> <span class='ocrx_word' id='word_1_150' title='bbox 677 2499 798 2548; x_wconf 82' lang='lat' dir='ltr'>tenebant.</span> 
     </span>
    </p>
   </div>
   <div class='ocr_carea' id='block_1_3' title="bbox 162 2586 814 2731">
    <p class='ocr_par' dir='ltr' id='par_1_6' title="bbox 162 2586 814 2731">
     <span class='ocr_line' id='line_1_24' title="bbox 162 2586 814 2649; baseline -0.002 -13"><span class='ocrx_word' id='word_1_151' title='bbox 162 2589 227 2636; x_wconf 74' lang='lat' dir='ltr'>&#39;ium</span> <span class='ocrx_word' id='word_1_152' title='bbox 239 2587 320 2637; x_wconf 89' lang='lat' dir='ltr'>senior</span> <span class='ocrx_word' id='word_1_153' title='bbox 331 2600 473 2649; x_wconf 85' lang='lat' dir='ltr'>semperque</span> <span class='ocrx_word' id='word_1_154' title='bbox 485 2586 547 2635; x_wconf 87' lang='lat' dir='ltr'>odiis</span> <span class='ocrx_word' id='word_1_155' title='bbox 558 2594 583 2635; x_wconf 90' lang='lat' dir='ltr'>et</span> <span class='ocrx_word' id='word_1_156' title='bbox 594 2586 696 2637; x_wconf 90' lang='lat' dir='ltr'>crimine</span> <span class='ocrx_word' id='word_1_157' title='bbox 707 2588 814 2636; x_wconf 81' lang='lat' dir='ltr'>Drances</span> 
     </span>
     <span class='ocr_line' id='line_1_25' title="bbox 164 2669 681 2731; baseline 0.006 -14"><span class='ocrx_word' id='word_1_158' title='bbox 164 2671 277 2719; x_wconf 75' lang='lat' dir='ltr'>Intentus</span> <span class='ocrx_word' id='word_1_159' title='bbox 284 2669 367 2731; x_wconf 86' lang='lat' dir='ltr'>juveni</span> <span class='ocrx_word' id='word_1_160' title='bbox 378 2671 464 2718; x_wconf 77' lang='lat' dir='ltr'>‘iurno</span> <span class='ocrx_word' id='word_1_161' title='bbox 476 2670 511 2719; x_wconf 85' lang='lat' dir='ltr'>sic</span> <span class='ocrx_word' id='word_1_162' title='bbox 522 2684 565 2719; x_wconf 92' lang='lat' dir='ltr'>ore</span> <span class='ocrx_word' id='word_1_163' title='bbox 575 2669 681 2720; x_wconf 85' lang='lat' dir='ltr'>vicissim</span> 
     </span>
    </p>
   </div>
   <div class='ocr_carea' id='block_1_4' title="bbox 169 2744 875 3172">
    <p class='ocr_par' dir='ltr' id='par_1_7' title="bbox 169 2744 786 2821">
     <span class='ocr_line' id='line_1_26' title="bbox 169 2744 786 2821; baseline 0.002 -14"><span class='ocrx_word' id='word_1_164' title='bbox 169 2744 233 2807; x_wconf 83' lang='lat' dir='ltr'>Orsa</span> <span class='ocrx_word' id='word_1_165' title='bbox 243 2759 330 2807; x_wconf 84' lang='lat' dir='ltr'>refert:</span> <span class='ocrx_word' id='word_1_166' title='bbox 348 2758 372 2807; x_wconf 89' lang='grc'><strong>0</strong></span> <span class='ocrx_word' id='word_1_167' title='bbox 384 2759 449 2807; x_wconf 80' lang='lat' dir='ltr'>fama</span> <span class='ocrx_word' id='word_1_168' title='bbox 460 2759 555 2819; x_wconf 82' lang='lat' dir='ltr'>ingens,</span> <span class='ocrx_word' id='word_1_169' title='bbox 567 2759 786 2821; x_wconf 65' lang='lat' dir='ltr'>ingenuorum,</span> 
     </span>
    </p>

    <p class='ocr_par' dir='ltr' id='par_1_8' title="bbox 171 2845 875 3172">
     <span class='ocr_line' id='line_1_27' title="bbox 171 2845 795 2909; baseline -0.005 -13"><span class='ocrx_word' id='word_1_170' title='bbox 171 2846 215 2896; x_wconf 90' lang='lat' dir='ltr'>Vir</span> <span class='ocrx_word' id='word_1_171' title='bbox 224 2847 341 2907; x_wconf 62' lang='lat' dir='ltr'>uroque,</span> <span class='ocrx_word' id='word_1_172' title='bbox 353 2845 439 2907; x_wconf 80' lang='lat' dir='ltr'>quibus</span> <span class='ocrx_word' id='word_1_173' title='bbox 450 2848 512 2897; x_wconf 86' lang='lat' dir='ltr'>coelo</span> <span class='ocrx_word' id='word_1_174' title='bbox 523 2854 548 2895; x_wconf 89' lang='lat' dir='ltr'>te</span> <span class='ocrx_word' id='word_1_175' title='bbox 559 2848 671 2896; x_wconf 82' lang='lat' dir='ltr'>laudibus</span> <span class='ocrx_word' id='word_1_176' title='bbox 682 2847 795 2909; x_wconf 75' lang='lat' dir='ltr'>oequem?</span> 
     </span>
     <span class='ocr_line' id='line_1_28' title="bbox 172 2932 875 2994; baseline -0.003 -10"><span class='ocrx_word' id='word_1_177' title='bbox 172 2932 310 2986; x_wconf 76' lang='lat' dir='ltr'>iustitiaene</span> <span class='ocrx_word' id='word_1_178' title='bbox 319 2932 386 2994; x_wconf 88' lang='lat' dir='ltr'>prius</span> <span class='ocrx_word' id='word_1_179' title='bbox 396 2933 480 2994; x_wconf 75' lang='lat' dir='ltr'>mnu,</span> <span class='ocrx_word' id='word_1_180' title='bbox 491 2934 582 2984; x_wconf 86' lang='lat' dir='ltr'>belline</span> <span class='ocrx_word' id='word_1_181' title='bbox 592 2936 723 2984; x_wconf 84' lang='lat' dir='ltr'>laborum?</span> <span class='ocrx_word' id='word_1_182' title='bbox 872 2984 875 2989; x_wconf 73' lang='grc'><strong>,</strong></span> 
     </span>
     <span class='ocr_line' id='line_1_29' title="bbox 172 3020 835 3083; baseline -0.009 -10"><span class='ocrx_word' id='word_1_183' title='bbox 172 3026 224 3073; x_wconf 82' lang='lat' dir='ltr'>Nos</span> <span class='ocrx_word' id='word_1_184' title='bbox 236 3034 292 3070; x_wconf 86' lang='lat' dir='ltr'>vero</span> <span class='ocrx_word' id='word_1_185' title='bbox 302 3020 354 3069; x_wconf 77' lang='lat' dir='ltr'>haec</span> <span class='ocrx_word' id='word_1_186' title='bbox 364 3020 467 3083; x_wconf 83' lang='lat' dir='ltr'>patriam</span> <span class='ocrx_word' id='word_1_187' title='bbox 479 3022 541 3083; x_wconf 80' lang='lat' dir='ltr'>grati</span> <span class='ocrx_word' id='word_1_188' title='bbox 551 3024 684 3073; x_wconf 84' lang='lat' dir='ltr'>referemus</span> <span class='ocrx_word' id='word_1_189' title='bbox 695 3022 726 3071; x_wconf 86' lang='lat' dir='ltr'>ad</span> <span class='ocrx_word' id='word_1_190' title='bbox 735 3022 835 3070; x_wconf 88' lang='lat' dir='ltr'>urbem:</span> 
     </span>
     <span class='ocr_line' id='line_1_30' title="bbox 177 3108 742 3172; baseline -0.004 -11"><span class='ocrx_word' id='word_1_191' title='bbox 177 3113 211 3161; x_wconf 85' lang='lat' dir='ltr'>Et</span> <span class='ocrx_word' id='word_1_192' title='bbox 221 3118 256 3172; x_wconf 86' lang='lat' dir='ltr'>te,</span> <span class='ocrx_word' id='word_1_193' title='bbox 267 3109 288 3159; x_wconf 88' lang='lat' dir='ltr'>si</span> <span class='ocrx_word' id='word_1_194' title='bbox 300 3122 347 3172; x_wconf 83' lang='lat' dir='ltr'>qua</span> <span class='ocrx_word' id='word_1_195' title='bbox 358 3108 421 3159; x_wconf 78' lang='lat' dir='ltr'>viam</span> <span class='ocrx_word' id='word_1_196' title='bbox 431 3108 525 3159; x_wconf 86' lang='lat' dir='ltr'>dederit</span> <span class='ocrx_word' id='word_1_197' title='bbox 535 3111 644 3172; x_wconf 81' lang='lat' dir='ltr'>fortuna,</span> <span class='ocrx_word' id='word_1_198' title='bbox 655 3112 742 3161; x_wconf 79' lang='lat' dir='ltr'>Latino</span> 
     </span>
    </p>
   </div>
   <div class='ocr_carea' id='block_1_5' title="bbox 0 0 1188 3734">
    <p class='ocr_par' dir='ltr' id='par_1_9' title="bbox 0 0 1188 3734">
     <span class='ocr_line' id='line_1_31' title="bbox 0 0 1188 3734; baseline 0 0"><span class='ocrx_word' id='word_1_199' title='bbox 0 0 1188 3734; x_wconf 95' lang='lat' dir='ltr'> </span> 
     </span>
    </p>
   </div>
  </div>
 </body>
</html>
