2334 3734
219 524 266 570 464
442 522 468 569 P.
485 520 622 569 VIRGILH
639 519 792 567 MARONlS

253 647 349 698 Adcidit
358 649 411 696 haec
422 647 492 697 fessis
504 647 577 697 etiam
589 648 689 695 fortuma
696 645 800 706 ladnis,

220 741 282 793 Quae
293 746 369 788 totam
380 740 447 786 luctu
458 738 582 786 concussit
593 735 701 785 funditus
712 737 805 784 urbem,

220 828 312 889 Regina
322 835 350 876 ut
361 827 431 875 tectis
442 826 578 874 venientem
590 824 706 886 prosp‘mit
715 825 823 883 hostem,

222 916 313 965 lncessi
323 929 417 974 muros,
429 914 490 975 ignis
500 914 530 961 ad
540 921 604 961 tecta
613 914 695 960 volare
704 932 712 973 ;

221 1006 347 1065 Nusquam
358 1001 420 1050 acics
431 1009 516 1071 contra
527 1002 640 1061 Rutulas,
650 1002 718 1048 nulla
731 1000 826 1060 agmina
835 999 930 1047 'lurnir

223 1090 312 1139 infelix
322 1105 407 1153 pugnae
415 1092 529 1151 juvenem
540 1091 565 1138 in
576 1090 708 1138 certamine
717 1088 794 1137 credit

223 1178 393 1241 Exstinctum3
411 1186 445 1238 et,
457 1178 537 1228 subito
548 1186 654 1227 mentem
665 1179 763 1235 turbata
773 1176 868 1235 dolore,

224 1270 256 1317 Se
266 1282 375 1316 caussam
386 1269 484 1328 clamat,
495 1268 646 1329 crimenque,
657 1274 776 1329 caputque
785 1266 920 1325 malorum

225 1356 352 1417 Multaque
362 1370 405 1418 per
416 1364 526 1404 maestum
537 1354 636 1405 demens
647 1355 718 1403 effata
729 1355 848 1413 furorem,

225 1443 363 1506 Purpureos
374 1442 492 1491 moritura
504 1456 577 1490 manu
589 1442 704 1490 discindit
714 1441 826 1500 amictus,

225 1531 258 1578 Et
268 1530 360 1579 nodum
371 1530 484 1578 informis
494 1530 537 1578 leti
548 1531 615 1578 trabe
627 1529 701 1578 nectit
709 1531 739 1576 ab
750 1530 807 1577 alta.

226 1620 304 1672 Quam
316 1618 409 1666 cladem
421 1618 515 1666 miserae
527 1624 654 1680 postquam
664 1617 779 1679 adcepere
790 1614 896 1664 Latinae:

225 1704 287 1753 Filia
298 1705 377 1768 prima
387 1719 461 1754 manu
472 1706 546 1754 flavos
557 1705 657 1755 Lavinia
666 1704 741 1753 crinis
785 1701 789 1705 ’

226 1795 258 1842 lit
270 1808 350 1843 roseas
362 1795 452 1843 laniata
463 1808 546 1855 genas,
558 1803 611 1843 tum
619 1801 699 1841 cetera
708 1793 800 1841 circum

225 1883 318 1941 Turba,
329 1882 403 1929 furit:
421 1889 537 1930 resonant
547 1884 596 1930 late
607 1881 762 1944 plangoribus
774 1880 845 1928 aedes.

228 1968 292 2016 Hinc
303 1975 379 2016 totam
389 1969 475 2016 infelix
486 1970 597 2028 volgatur
607 1970 673 2017 fama
681 1982 724 2031 per
735 1969 829 2016 urbem.

227 2053 364 2102 Demittunt
374 2054 462 2103 mentis
473 2074 481 2116 ;
498 2055 518 2103 it
529 2055 605 2104 scissa
614 2063 680 2104 veste
691 2054 801 2114 Latinus,

228 2142 343 2202 Coniugis
355 2142 475 2191 adtonitus
487 2142 554 2203 fatis,
566 2143 682 2205 urbisque
693 2144 774 2203 ruina,

228 2229 348 2278 Canitiem
356 2230 474 2279 inmundo
485 2231 607 2293 perfusam
619 2232 717 2293 pulvere
728 2239 842 2293 turpans:

229 2315 244 2345 *
256 2317 382 2379 Multaque
393 2332 418 2365 se
429 2318 534 2378 incusat,
545 2318 586 2379 qui
598 2333 647 2366 uon
659 2313 780 2380 adcepeiit
794 2314 867 2366 ante*

228 2403 243 2433 ⁴
255 2404 404 2452 Dardanium
415 2407 520 2465 AEnean,
532 2419 694 2466 generumque
704 2404 832 2453 adsciverit
843 2404 935 2453 ultro*.

259 2492 354 2539 interea
364 2500 473 2541 extremo
484 2495 588 2543 bellator
599 2494 625 2542 in
636 2508 732 2555 aequore
742 2496 840 2541 'illrum

226 2577 335 2625 Palantis
346 2578 453 2639 sequitur
463 2593 562 2641 paucos,
570 2582 622 2640 iam
633 2580 738 2641 segnior,
750 2587 822 2640 atque

226 2664 241 2711 J
244 2677 283 2711 am
295 2664 375 2711 minus
384 2673 455 2726 atque
466 2667 546 2714 minus
558 2682 671 2716 succcessu
682 2669 751 2715 letus
761 2679 887 2727 equorum.

178 2812 182 2819 Ι
225 2751 321 2801 Adtulit
330 2754 395 2801 hunc
405 2752 442 2801 illi
452 2755 520 2803 cacis
531 2755 665 2804 terroribus
677 2769 736 2804 aura

227 2840 385 2889 conmixtum
393 2843 539 2903 clamorem,
552 2844 708 2906 adrectasque
718 2842 809 2906 inpulit
817 2842 885 2891 auris

227 2927 343 2976 Confusa
354 2943 429 2997 sonus
439 2932 507 2978 urbis
518 2939 542 2979 et
552 2918 683 2979 inlaetabile
694 2946 814 2980 murmur.

226 3014 273 3062 Hei
284 3014 361 3064 milri!
380 3016 437 3078 quid
443 3025 516 3085 ¹tanto
528 3016 656 3067 turbantur
666 3016 756 3066 moenia
767 3018 834 3064 luctu
845 3017 856 3062 3

225 3099 314 3171 Quisve
325 3101 375 3149 ruit
384 3110 465 3152 tantus
477 3104 571 3153 diversa
578 3106 672 3153 clamor
683 3105 714 3152 ab
724 3104 803 3153 urbe?
946 3093 950 3101 ⁸
