2334 3734
227 511 275 560 ²82
437 509 466 557 P.
481 506 618 556 visuum
636 505 788 555 MARONIS

168 666 172 672 ι
226 640 304 688 Arma
314 637 399 700 procul
410 649 543 697 currusque
553 634 633 683 virum
644 619 747 690 miraturi
758 631 848 688 inanis.

226 728 299 776 Stant
309 734 374 774 terra
384 725 470 773 defixas
481 726 567 785 hastae,
580 723 716 787 passimque
727 722 803 772 soluti

227 815 274 862 Per
282 827 379 876 campos
390 821 521 875 pascuntur
532 813 596 874 equi.
629 814 689 866 Quae
701 810 777 873 gratia
786 824 902 864 curruum

226 903 406 963 Armorumque
417 901 463 949 fuit
474 900 544 961 vivis,
556 916 609 962 quoe
619 905 682 950 cura'
685 899 784 948 nitentis

177 1050 181 1059 ,
227 991 328 1038 Pascere
338 1004 424 1051 equos,
436 990 520 1038 eadem
531 991 640 1050 sequitur
650 989 739 1037 tellure
750 995 868 1050 repostos.

227 1077 361 1141 Conspicit,
372 1092 437 1136 ecce,
447 1078 509 1126 alios
519 1078 606 1126 dextra
616 1080 722 1139 laevaque
732 1091 775 1139 per
785 1077 897 1134 herbam,

226 1165 361 1225 vescentis,
372 1166 588 1228 letumquechoro
601 1168 686 1226 Paeana
696 1164 816 1225 canentis,

227 1255 294 1301 lnter
304 1253 432 1303 odoratum
443 1254 506 1303 lauri
518 1269 614 1302 nemus:
632 1254 696 1302 unde
708 1266 812 1315 superne

227 1342 350 1392 Plurimus
361 1342 461 1391 Eridani
472 1358 515 1405 per
526 1343 612 1392 silvam
623 1342 727 1392 volvitur
739 1341 826 1390 amnis.

227 1430 274 1479 Hic
286 1446 383 1491 manus,
395 1434 427 1481 ob
438 1432 541 1495 patriam
551 1431 680 1495 pugnando
692 1431 792 1480 volnera
799 1426 874 1492 passi,

225 1519 320 1580 Quique
331 1520 466 1568 sacerdotes
477 1521 548 1579 casti,
556 1529 610 1568 urm
622 1519 671 1568 vita
682 1520 804 1577 manebat,

227 1607 322 1668 Quique
332 1607 366 1670 pii
377 1616 453 1667 vates,
464 1617 489 1657 et
500 1609 592 1657 Phoebo
598 1607 670 1667 digna
680 1605 766 1666 locuti,

227 1694 340 1742 luventas
351 1706 394 1742 aut
404 1694 445 1755 qui
456 1693 530 1743 vitam
540 1695 670 1744 excoluere
680 1683 723 1756 per
734 1692 804 1752 artis,

227 1781 322 1843 Quique
332 1782 370 1830 sui
381 1797 501 1832 memores
513 1783 574 1831 alios
582 1785 662 1831 fecere
673 1781 802 1830 merendo:

224 1853 346 1917 omnibus
358 1869 396 1917 his
408 1869 477 1918 nivea
486 1870 617 1930 cinguntur
628 1877 737 1931 tempora
749 1868 814 1917 vitta.

225 1957 294 2009 Quos
305 1957 465 2006 circumfusos
476 1958 510 2006 sic
521 1965 557 2006 est
567 1958 648 2006 mfata
659 1958 766 2021 Sibylla;

224 2041 346 2108 Musaeum
357 2050 413 2090 aute
424 2043 521 2105 omnis,
539 2044 646 2093 medium
659 2058 715 2092 uam
727 2043 832 2107 plurima
842 2043 914 2091 turba

224 2127 296 2177 Hunc
308 2130 390 2189 habet,
401 2140 472 2192 atque
483 2133 591 2182 humeris
602 2141 736 2182 exstantem
748 2131 848 2195 suspicit
857 2129 927 2186 altiss

222 2217 311 2278 Dicite,
323 2219 405 2288 leliqes
416 2221 513 2281 animae,
523 2230 608 2284 tuque,
620 2223 711 2284 optime
722 2230 800 2283 vates3

221 2309 282 2361 Quae
293 2311 359 2371 regio
371 2313 505 2372 Anchisen,
516 2313 569 2374 quis
581 2313 653 2361 habet
664 2315 748 2361 locus?
767 2311 834 2360 illius
845 2325 902 2372 ergo

220 2397 349 2457 Venimus,
357 2407 382 2447 et
393 2413 493 2460 magnos
505 2402 577 2449 Erebi
590 2401 737 2449 tranavimus
749 2399 837 2448 amnis.

202 2528 209 2538 .
219 2484 299 2545 Atque
310 2486 368 2535 huic
379 2501 522 2550 responsum
533 2489 615 2550 paucis
626 2489 661 2537 ita
671 2489 776 2538 reddidit
786 2490 871 2546 heroes

189 2556 191 2560 ’
217 2570 288 2619 Nulli
297 2582 363 2622 certa
372 2575 467 2623 domus.
479 2607 483 2613 -
501 2577 572 2624 Lucis
580 2577 716 2625 habitamus
727 2577 818 2638 opacis,

218 2657 382 2721 Riparumque
392 2669 459 2710 toros
471 2671 495 2710 et
506 2673 574 2726 prata
584 2666 690 2714 recentia
700 2665 758 2720 rivis

217 2745 358 2797 incolimus.
391 2751 439 2798 Sed
449 2765 502 2811 vos,
514 2752 537 2799 si
547 2753 595 2802 fert
602 2754 635 2802 ita
646 2753 719 2802 corde
730 2755 852 2813 uoluntas,

218 2834 272 2882 Hoc
284 2846 394 2898 superate
402 2840 504 2901 jugum,
521 2849 546 2888 et
556 2841 622 2888 facili
631 2843 683 2901 jam
694 2839 791 2890 tramite
802 2841 893 2890 sistam.

115 2947 120 2954 ι
215 2921 326 2983 Dixit,et
336 2928 460 2986 antetulit
470 2922 589 2989 gressum,
600 2943 745 2993 camposque
756 2929 855 2979 nitentis

214 3009 321 3072 Desuper
331 3022 454 3076 ostentat3
471 3014 557 3095 dehinf
565 3031 661 3065 summa
671 3018 797 3066 cacumina
807 3017 929 3082 linquunt.

243 3098 277 3171 At
288 3107 355 3160 pater
367 3103 485 3153 Anchises
496 3105 593 3166 penitus
603 3106 712 3155 convalle
722 3105 811 3158 virenti
