2334 3734
409 529 576 580 'AENEIDOS
593 531 657 580 LlB.
675 531 717 582 iv.
922 536 968 583 211

167 663 221 710 Nee
230 675 303 724 super
313 660 366 726 ipse
375 669 420 710 tua
430 659 526 713 moliris
537 659 611 711 leude
621 661 748 724 laborem

166 750 300 799 Asennmm
311 756 461 812 surgentem,
473 757 499 812 et
509 763 565 813 spes
575 749 672 800 heredis
685 751 733 802 iuli

165 840 283 906 Respioe;
295 841 336 890 cni
346 855 449 902 rognum
462 840 539 890 [tuliae
551 843 709 905 Romanmue
720 843 794 894 tellus

166 932 313 986 Debentur..
333 931 391 986 'lisli
402 931 528 993 Cyllenius
539 946 583 981 ore
591 932 687 984 locutus

167 1021 283 1071 Mortalis
294 1021 360 1071 visus
372 1020 453 1070 medio
464 1035 578 1070 sermone
589 1022 698 1085 reliquit,

166 1116 200 1164 Et
209 1115 295 1178 procul
306 1113 333 1162 in
343 1121 444 1164 tenuem
454 1127 486 1161 ex
497 1113 575 1162 oeulis
587 1113 686 1163 evanuit
697 1127 791 1163 onnam.

198 1205 234 1251 At
243 1216 302 1260 sero
312 1202 404 1250 AEneas
414 1200 529 1264 udspeetu
539 1202 664 1251 obmutuit
675 1216 770 1264 amens,

166 1292 326 1355 Adrectaeque
336 1293 441 1341 horrore
451 1305 539 1351 eomae,
550 1299 575 1340 et
582 1306 632 1341 vox
644 1292 753 1342 faucibus
764 1292 844 1343 haesit.

166 1383 244 1434 Ardet
253 1382 320 1432 abire
331 1385 397 1444 fuga,
408 1383 535 1445 dulcisque
545 1383 685 1444 relinquere
692 1391 781 1444 terres,

168 1473 300 1523 Adtonitus
311 1479 380 1522 unte
392 1472 489 1540 monitu
501 1472 651 1536 imperioque
664 1472 775 1522 deorum.

169 1565 224 1613 lleu
235 1562 294 1626 qnid
304 1566 377 1625 agot?
396 1578 445 1625 quo
455 1578 522 1612 nunc
534 1563 643 1624 reginam
655 1563 747 1612 ambire
757 1563 880 1614 furentem

168 1653 264 1704 Audeat
274 1652 358 1702 adlato
368 1655 378 1702 i
397 1668 451 1715 quae
462 1652 543 1716 primu
553 1651 656 1702 exordis
666 1654 764 1702 surnat?

171 1745 186 1775 ²*
195 1746 278 1813 ,sitque
289 1743 400 1793 animum
408 1759 473 1793 nnnc
485 1744 533 1793 huc
544 1743 660 1805 celerem,
671 1758 738 1794 nunc
749 1743 835 1793 dividit
844 1743 914 1805 illuc,

171 1834 187 1865 ἢ
200 1834 228 1883 ln
239 1834 363 1898 partisque
372 1833 438 1897 rapit
448 1833 538 1893 verim,
549 1847 640 1899 perque
651 1833 735 1882 omnis
745 1840 833 1883 verset.

171 1925 229 1989 Haec
240 1922 371 1976 alternanti
381 1922 462 1986 potior
473 1923 596 1972 sententis
606 1922 658 1972 viss
668 1929 719 1972 est:

169 2014 299 2066 Mnestheo
309 2014 498 2076 Sergestumque
506 2020 587 2073 voest,
599 2014 736 2075 fortemque
748 2011 896 2062 Cloanthum
905 2030 915 2075 1ς

170 2104 279 2153 Clmsem
289 2111 373 2167 aptent
382 2104 460 2164 tuciti,
473 2101 553 2152 socios
564 2103 597 2150 od
607 2102 682 2150 litora
693 2108 800 2163 cogant3

171 2197 248 2244 Arma
257 2203 354 2258 parent,
365 2202 401 2255 et,
413 2209 468 2256 quae
479 2192 512 2242 sit
523 2194 595 2241 rebus
607 2205 693 2255 cousus
703 2189 830 2251 novandis,
852 2221 854 2230 ι

170 2285 347 2346 Dissimulent3
365 2297 418 2332 sese
429 2282 533 2342 interm,
541 2279 639 2342 qnando
651 2279 744 2343 optimu
753 2278 817 2328 Dido

116 2388 120 2394 ·
171 2375 280 2435 Nesciat,
292 2382 317 2424 et
326 2381 408 2423 tentos
417 2372 500 2436 rumpi
510 2386 561 2421 non
572 2377 654 2434 speret
664 2383 771 2430 umores,

169 2466 331 2515 Tentsmrnm
341 2463 431 2523 aditus,
442 2471 468 2512 et
478 2474 533 2524 quoe
545 2458 692 2510 mollissima
704 2457 772 2508 fandi

169 2555 301 2616 Tempora,
313 2553 368 2616 quis
379 2554 451 2602 rebus
462 2551 548 2601 dexter
559 2549 656 2599 modus.
690 2548 765 2598 Ocius
776 2562 861 2597 omnes

171 2644 277 2709 Imperio
288 2643 339 2694 loti
350 2649 445 2706 parent,
457 2644 564 2704 acjnssu
573 2642 704 2692 facessunt.
854 2689 860 2706 ,

202 2737 236 2784 At
246 2733 330 2796 regins
339 2733 411 2782 dolos
426 2732 491 2796 (quis
501 2731 588 2780 fallere
596 2729 674 2794 possit
681 2737 803 2780 amantem
816 2727 835 2791 Ξ)

171 2823 311 2885 presensit,
322 2831 455 2885 motusque
462 2820 558 2884 exeepit
569 2821 649 2884 prima
660 2819 775 2882 futuros;

171 2915 262 2968 Omnia
271 2921 325 2963 tnta
335 2913 433 2962 timens.
464 2911 557 2961 Eadem
569 2909 636 2974 inpio
646 2909 712 2958 famu
722 2908 814 2958 furenti

170 3003 265 3054 Detulit
275 3002 366 3053 armori
373 3003 487 3061 classem,
498 3013 645 3062 cursumque
655 2997 744 3062 pareri.

171 3092 245 3142 Sevit
255 3091 327 3157 inops
338 3090 425 3153 enimi,
435 3098 560 3154 totumque
571 3090 671 3140 insensu
681 3103 724 3152 per
736 3090 821 3140 urbem

170 3184 305 3234 Boecnunr
314 3203 323 3248 3
341 3183 420 3247 quatis
429 3183 551 3233 conmotis
561 3181 642 3231 excitu
651 3179 725 3232 saeris
