2334 3734
223 517 272 564 304
445 514 479 586 l’.¹
488 510 626 560 vlnulull
643 511 796 561 MARONIS

225 643 248 691 Ο
259 639 369 702 genitor?
389 651 434 687 nee
443 646 468 686 te
478 638 577 688 miseret
588 645 707 700 nataque,
717 637 819 700 miqde?

227 731 278 778 Noc
290 728 374 777 metris
385 728 493 786 miseret,
504 741 577 788 qnam
589 727 668 788 primo
680 727 793 788 aquilone
804 727 925 790 relinquet

226 818 347 877 Perfidus,
358 819 408 866 alta
418 825 502 880 petens
512 817 615 864 abducta
625 816 727 877 virgine,
739 817 839 878 prado?

225 908 259 954 At
269 919 320 953 non
331 905 365 954 sic
378 905 496 966 Phrygius
506 911 617 967 penemet
628 905 800 956 Luoedaemona
810 914 903 967 pastor,

227 994 385 1055 laedaeame
396 995 515 1042 Helenam
525 995 644 1053 Trojenas
657 993 722 1041 vexit
730 993 761 1040 ad
772 995 850 1043 urbes.

227 1083 292 1138 Quid
303 1091 346 1131 tua
356 1091 440 1131 sancta
449 1082 528 1133 fides?
547 1082 606 1143 qnid
616 1096 675 1130 cura
684 1081 783 1142 antiqua
789 1089 900 1142 tuorum,

228 1172 262 1220 Et
271 1173 452 1232 consanguineo
462 1171 533 1220 toties
544 1170 601 1219 data
612 1170 712 1218 dextera
723 1156 825 1219 Turno?

229 1259 255 1308 Si
266 1274 339 1320 gener
351 1268 453 1309 externa
462 1259 552 1321 petiam
568 1259 599 1306 de
609 1266 679 1319 gente
691 1258 794 1318 Latinis,

229 1348 303 1409 ldque
314 1349 390 1407 sedet,
402 1348 526 1409 Faunique
537 1355 652 1409 premunt
663 1355 687 1395 te
696 1348 764 1406 jussa
775 1347 896 1409 parentis:

230 1436 336 1485 Omnem
348 1436 458 1497 equidem
469 1436 569 1498 sceptris
580 1443 673 1484 terram
683 1450 736 1496 quae
749 1436 825 1484 libera
833 1437 924 1486 nostris
1026 1500 1028 1504 Ι

228 1524 345 1584 Dissidet,
354 1533 480 1574 externam
488 1539 554 1583 reor,
566 1533 591 1572 et
601 1524 636 1572 sie
646 1523 727 1572 dicere
736 1524 812 1572 divos.

230 1615 263 1661 Et
271 1615 368 1673 luteo,
381 1614 402 1661 si
412 1613 585 1676 primudomus
597 1621 719 1676 repetetur
731 1613 810 1674 origo,

231 1703 334 1752 inachus
345 1702 501 1764 Acrisiusque
508 1711 599 1764 patres,
612 1702 744 1762 medieque
755 1703 871 1764 Mycente.

264 1791 309 1838 His
320 1791 362 1838 ubi
374 1791 535 1852 nequidquam
547 1789 617 1838 dictis
628 1797 737 1852 experta,
754 1790 866 1838 Latinum

232 1878 325 1926 Contra
335 1886 398 1925 stare
408 1878 482 1936 videt,
493 1878 636 1939 penitusque
647 1877 673 1924 i'n
681 1877 773 1926 viscera
783 1879 876 1928 labsum

231 1963 353 2026 Serpentis
365 1964 452 2012 fririale
463 1966 566 2024 malum,
577 1973 702 2027 tutamque
713 1974 833 2028 pererrat=

228 2053 294 2100 uum
304 2065 362 2100 vero
373 2052 469 2112 infelix,
481 2053 619 2114 ingentibus
632 2054 713 2102 exeita
724 2055 849 2115 monstris,

232 2141 370 2189 inmensam
382 2142 434 2190 sine
445 2156 514 2190 more
524 2143 585 2190 furit
593 2144 716 2206 lymphata
725 2158 769 2206 per
778 2146 872 2194 urbem.

232 2229 283 2278 Ceu
294 2229 415 2290 quondam
426 2238 492 2278 torto
503 2230 608 2278 volitans
620 2232 665 2279 snb
677 2233 776 2280 verbere
786 2234 869 2293 turbo,
915 2255 920 2264 ·

231 2319 310 2372 Quem
320 2318 389 2382 pueri
401 2333 488 2379 magno
500 2319 526 2366 in
537 2332 596 2381 gyro
604 2333 678 2367 vacua
688 2319 750 2368 atria
759 2320 850 2369 cunum

232 2408 322 2455 lntenti
332 2407 390 2456 ludo
401 2416 533 2469 exeroent3
551 2407 594 2456 ille
605 2416 672 2456 actus
684 2408 779 2456 habena

232 2496 343 2544 Curvatis
355 2496 433 2550 fertur
444 2497 527 2559 spatiis
537 2517 546 2558 3
563 2505 645 2559 stupet
656 2497 733 2546 inscia
743 2511 817 2560 supra

230 2585 382 2645 lnpubesque
392 2598 489 2645 manus,
500 2584 589 2632 mirata
599 2585 705 2634 volubile
715 2586 826 2646 bux11m;

199 2716 202 2726 ,
230 2673 296 2719 Dant
305 2671 400 2718 animos
411 2672 498 2732 plage:
533 2674 590 2719 Non
602 2675 675 2720 cur'sn
687 2672 783 2733 segnior
794 2673 838 2721 illo

230 2761 277 2806 Per
288 2759 379 2806 medies
387 2758 454 2806 urbis
465 2758 544 2818 agitur
555 2761 705 2822 populosque
715 2760 816 2809 feroces.

230 2845 296 2899 Quin
307 2846 381 2895 mam
392 2846 418 2894 in
430 2846 512 2906 silvas,
523 2847 639 2896 simulato
647 2848 747 2921 numine
758 2846 858 2906 Bacchi,

148 2945 153 2952 ·
228 2934 310 2992 Majus
320 2933 405 2981 adorta
415 2935 493 2993 nefas,
504 2936 669 2995 majoremque
679 2949 736 2984 orsa
745 2936 863 2994 furorem,

128 3075 134 3084 ,
163 3031 169 3040 ·
228 3021 447 3080 Evolat,etnatam
461 3021 582 3070 frondosis
595 3021 813 3084 montibusabdit3

229 3109 285 3159 Quo
296 3107 431 3155 malannum
440 3108 528 3172 eripiat
536 3109 648 3168 Teucris,
656 3111 782 3180 'undasque
792 3118 916 3160 moretur:
