2334 3734
384 532 542 587 AENEIDOS
558 538 622 587 LlB.
639 538 683 587 tx.
892 540 941 589 ³65

142 660 176 710 Et
186 662 264 711 fossas
276 661 369 725 inplere
379 672 475 725 parent,
486 648 514 714 ac
524 662 614 713 vellere
624 665 724 715 vallum.

144 752 263 805 Quaerunt
272 764 328 814 pars
340 752 442 813 aditum,
454 760 479 801 et
489 754 560 801 seelis
571 754 715 803 adscendere
727 768 811 803 muros
821 773 829 817 ;

143 839 198 893 Qua
208 852 263 887 rara
274 847 312 888 est
321 840 395 900 acies,
408 831 583 902 interlucetque
594 857 685 892 corona

145 929 202 975 Non
214 934 264 976 tam
276 928 352 991 spisse
362 928 429 977 viris.
460 930 579 979 Telorum
591 932 714 982 effundere
725 941 811 982 contra

54 1057 60 1063 .
145 1017 226 1067 Omne
236 1029 311 1077 genus
321 1016 421 1076 Teucri,
432 1031 461 1065 ao
472 1017 539 1065 duris
550 1018 678 1069 detrudere
693 1021 782 1081 contis,

145 1102 247 1153 Adsueti
258 1104 332 1165 longo
343 1102 569 1153 muros'defendere
579 1104 654 1155 belloss

145 1194 210 1242 Saxa
220 1206 315 1254 quoque
325 1191 415 1240 infesto
425 1194 554 1241 volvebant
564 1195 682 1255 pondere,
694 1194 714 1243 si
726 1208 774 1256 qua

143 1284 247 1331 Possent
257 1274 345 1330 metam
356 1280 434 1329 aciem
445 1295 613 1344 perrumpere:
632 1298 707 1344 quum
718 1292 799 1332 tamen
811 1286 890 1333 omnis

145 1371 218 1419 Ferre
226 1372 294 1431 jurat
305 1371 388 1419 subter
399 1369 475 1417 densa
484 1370 606 1434 uetudine
614 1385 692 1420 casus.

145 1460 197 1507 Nec
205 1461 256 1519 jam
268 1458 397 1507 sufficiunt.
431 1460 506 1518 Nam,
520 1474 567 1520 qua
575 1461 662 1521 'globus
674 1460 777 1510 inminet
787 1461 882 1523 ingens,

147 1548 273 1596 inmanem
283 1548 371 1596 Teucri
384 1548 476 1596 niolem
486 1549 635 1611 volvuntque
647 1556 767 1612 ruuntque
778 1570 784 1598 :

145 1638 206 1691 Quae
217 1637 300 1686 stravit
312 1638 415 1685 Rutulos
422 1640 480 1698 late,
492 1653 664 1701 armorumque
675 1637 775 1687 resolvit

145 1725 272 1786 Tegmina.
306 1728 357 1776 Nec
370 1736 457 1777 currant
466 1742 531 1776 caeco
542 1728 689 1777 contendere
701 1730 780 1777 Marte

145 1814 258 1876 Amplius
270 1816 371 1865 audaces
383 1816 476 1879 Rutuli,
488 1816 530 1865 sed
541 1817 632 1879 pellere
642 1814 706 1865 vallo
749 1818 751 1825 ’

147 1903 282 1954 Missilibus
294 1913 395 1956 certant.
634 1899 638 1903 ’
813 1896 816 1901 ’

146 1994 217 2042 Parte
228 1994 275 2043 alia
284 1996 420 2046 horrendus
433 1998 487 2047 risu
498 2000 627 2060 quassabat
637 1998 764 2050 Etruscam

146 2081 244 2144 Pinum,
256 2091 282 2132 et
291 2086 419 2135 fumiferos
430 2087 505 2135 infert
516 2090 652 2137 Mezentius
663 2090 740 2151 ignis3

144 2171 178 2218 At
186 2172 311 2234 Messapus
324 2186 412 2233 equum
424 2173 540 2233 domitor,
557 2174 679 2235 Neptunia
690 2176 781 2236 proles,

143 2258 269 2307 Raaoindlt
277 2260 379 2319 vallum,
391 2267 416 2308 et
426 2262 502 2308 scalas
514 2260 540 2308 in
552 2260 642 2308 moenia
651 2262 737 2322 poscit.

176 2349 236 2407 Vos,
247 2348 389 2411 ocalliope,
400 2363 496 2410 precor,
507 2348 627 2411 adspirate
637 2348 750 2410 canentl;

143 2435 209 2488 Ques
221 2433 254 2481 ibi
265 2441 323 2483 tunc
334 2435 399 2483 ferro
410 2442 511 2495 strages,
523 2445 576 2497 que
588 2434 675 2482 lunera
684 2436 783 2482 'lurnus

143 2521 267 2573 Ediderit:
282 2538 354 2585 quem
364 2523 465 2586 quisque
474 2523 554 2571 virum
565 2522 690 2571 demiserit
701 2523 766 2572 Orco
777 2541 783 2570 r

144 2610 178 2658 lit
188 2625 282 2660 mecum
294 2612 398 2673 ingentis
409 2626 464 2661 oras
476 2612 578 2661 evolvite
588 2611 656 2660 belli.
712 2606 715 2611 ’

147 2698 162 2728 *
173 2699 206 2747 Et
216 2699 360 2748 meministis
370 2700 446 2758 enim,
458 2700 528 2759 divae,
540 2707 565 2747 ct
575 2712 711 2748 memorare
721 2698 846 2762 potestis*

178 2786 264 2835 Turris
274 2795 327 2836 erat
336 2796 403 2837 vasto
415 2792 572 2852 suspectu,‘et
583 2788 697 2851 pontibus
709 2789 775 2849 altis,

147 2875 291 2937 Opportuna
299 2876 370 2924 loco:
389 2878 490 2926 summis
501 2879 573 2939 quam
583 2877 676 2925 viribus
687 2879 771 2924 omnes
782 2890 784 2897 ⁴

146 2964 293 3026 Expugnare
306 2964 372 3024 Itali,
385 2978 526 3027 summaque
537 2974 645 3015 evertere
656 2978 728 3028 opum
740 2966 764 3017 vi

149 3051 297 3113 Certabant3
315 3053 394 3100 Troes
404 3059 489 3100 contra
500 3052 631 3102 defendere
643 3052 719 3113 saxis,

149 3139 243 3201 Perque
253 3152 325 3189 caras
336 3140 406 3189 densi
417 3142 466 3189 tela
476 3141 616 3203 intorquere
627 3143 753 3192 fenestras.
