2334 3734
208 478 255 526 rso
434 478 460 523 r.
477 454 614 525 unsrun
631 475 783 527 unnotus

207 606 302 667 Effuge,
311 611 336 655 et
346 604 399 653 haec
410 606 497 653 'lut-no
509 604 622 653 mandata
631 602 763 675 novissima
778 603 874 666 perier:

102 718 114 731 ·
204 694 322 745 Succedat
332 708 417 756 pugne
423 696 592 756 'irojanosque
602 701 683 770 arce-ru
693 695 762 742 urbe.

203 786 307 845 Jamque
320 785 380 832 vare.
414 782 492 836 simu
505 782 543 831 his
555 783 626 831 orcus
636 764 761 844 linquebat
770 782 889 842 mnam,

203 871 242 919 Ad
254 879 343 919 terram
356 884 405 918 non
417 878 503 933 sponte
515 870 603 919 fluens.
635 872 700 917 'inm
709 869 796 930 frigida
806 875 860 917 toto
897 892 906 907 t

204 960 335 1008 Paullatim
346 960 450 1007 exsolvit
458 974 484 1007 se
496 973 609 1022 corpore,
621 959 735 1021 lentoque
745 960 810 1006 oolla

205 1049 237 1096 Et
247 1054 343 1109 captum
354 1048 403 1096 leto
415 1047 497 1110 posuit
506 1056 588 1110 eaput,
597 1061 666 1095 arma
677 1047 835 1107 relinquens,

204 1137 307 1199 vitaque
318 1152 374 1186 cum
385 1138 477 1199 gemitu
488 1137 550 1197 fugit
560 1136 684 1197 indignata
694 1136 740 1184 sub
750 1136 856 1184 umbras.

205 1229 270 1276 'lum
281 1242 338 1277 vero
348 1227 474 1276 inmensus
486 1241 588 1287 surgens
600 1226 657 1274 ierit
666 1240 741 1274 aurea
751 1228 844 1274 clamor
869 1258 874 1261 -

205 1317 309 1385 USidera3
327 1316 419 1376 dejecta
430 1315 549 1364 crudescit
559 1328 640 1376 pugna
651 1314 772 1375 Camilla3

207 1406 339 1453 Incurrunt
349 1404 418 1452 densi
429 1404 502 1452 simul
513 1402 593 1451 omnis
604 1403 674 1464 copia
682 1404 816 1462 Teucrum,

205 1486 374 1556 Tyrrhenique
385 1492 468 1551 duces,
479 1490 632 1552 Evandrique
643 1490 751 1537 Arcades
763 1491 816 1538 alae.

215 1570 221 1581 ¹
240 1584 274 1631 At
282 1581 370 1630 'iriviae
382 1589 464 1630 eustos
473 1583 526 1641 jam
536 1579 628 1627 dudum
640 1578 667 1625 iu
676 1578 800 1627 montibus
811 1578 873 1640 Opis

209 1672 267 1719 Alta
278 1671 346 1719 sedet
360 1670 472 1728 summis,
483 1676 621 1732 spectatque
631 1666 745 1715 interrita
753 1680 852 1729 pugnas.

211 1762 292 1823 thue
304 1762 390 1823 procul
402 1759 481 1809 medio
489 1762 607 1819 juvenum
619 1758 644 1805 in
656 1760 764 1806 clamore
775 1757 902 1805 furentum

212 1848 341 1910 Prospexit
351 1848 416 1897 tristi
427 1851 554 1896 multatam
567 1856 647 1896 morte
658 1848 804 1909 Camillam

214 1935 390 1996 Ingemuitque,
402 1936 514 1997 deditque
526 1937 571 1985 has
583 1937 634 1985 imo
647 1915 840 2000 pectorevoces:

214 2024 269 2071 Heu
280 2023 393 2083 nimium,
404 2024 482 2085 virgo,
496 2024 601 2073 nimium
611 2027 714 2074 crudele·
719 2026 788 2074 luisti
867 2037 873 2041 ·

214 2112 375 2176 Supplicium,
388 2116 496 2162 Teucros
506 2123 594 2163 conata
604 2116 723 2163 lacessere
733 2116 798 2164 bello
808 2118 816 2163 ἒ

214 2203 266 2249 Neo
277 2202 320 2249 tibi
331 2202 431 2251 deserta
442 2204 467 2251 in
479 2204 559 2251 dumis
571 2203 677 2252 coluisse
687 2204 792 2252 Dianam

213 2290 319 2350 Profuit,
332 2300 374 2340 aut
384 2300 478 2340 nostras
490 2294 593 2341 humero
604 2292 706 2353 gessisse
717 2294 851 2355 pharetras.

215 2381 271 2427 Non
282 2386 364 2427 tamen
377 2380 514 2451 indecorem
527 2389 604 2429 tuate
615 2380 699 2441 regina
709 2381 808 2443 reliquit

214 2468 332 2515 Extrema
339 2469 391 2527 Jam
404 2469 428 2516 in
439 2476 531 2529 morte;
548 2472 627 2530 neque
638 2470 685 2517 hoc
696 2470 749 2519 sine
758 2470 860 2519 nomine
869 2470 946 2518 letum
1003 2518 1006 2529 ,

216 2554 262 2601 Per
273 2554 349 2613 gentis
361 2554 424 2615 erit;
442 2564 484 2602 aut
495 2556 583 2604 famam
598 2558 695 2620 patieris
708 2559 801 2607 inultae.

212 2644 277 2689 Nam
289 2642 433 2703 quicumque
443 2651 513 2690 tuum
524 2646 624 2694 violavit
634 2648 735 2695 vulnere
744 2662 842 2710 corpus,

139 2790 144 2805 ⁸
213 2731 296 2778 Morte
306 2732 358 2779 luet
370 2732 463 2780 merita.
498 2734 553 2781 Fuit
565 2734 650 2795 ingens
662 2742 746 2784 monte
758 2737 804 2785 sub
815 2738 869 2785 alto

214 2818 286 2879 Regis
298 2821 418 2868 Dercenni
430 2830 528 2871 terreno
539 2837 568 2871 ex
581 2838 666 2885 aggere
677 2826 776 2873 bustum

215 2908 317 2969 Antiqui
327 2912 463 2970 Laurentis,
475 2927 598 2974 opacaque
608 2914 663 2961 ilice
673 2922 764 2962 tectum
773 2934 782 2975 3

217 2995 264 3043 Hic
276 2996 321 3045 dea
332 2999 474 3059 septimum
487 3001 570 3061 rapido
581 3001 728 3062 pulcerrima
737 3001 793 3049 nisu

216 3082 296 3143 Sistit,
307 3093 332 3131 et
342 3087 476 3135 Arruntem
488 3090 584 3137 tumulo
593 3090 730 3151 speculatur
741 3092 773 3137 ab
784 3091 844 3139 aito.
