2334 3734
207 527 253 575 114
428 530 455 577 P.
471 529 610 577 VIRGILII
626 529 788 578 MARONIS'

209 657 320 717 Namque
331 655 422 705 dabunt
433 658 528 706 reniam
539 657 613 718 votis,
624 657 722 720 irasque
732 657 866 708 remittent.

207 745 266 801 Sed.
277 744 364 793 modus
375 746 462 794 orandi
473 746 515 807 qui
526 746 569 819 sit,
580 746 648 809 prins
660 745 746 795 ordine
756 746 844 795 dicem.

208 837 319 889 Quatuor
331 834 435 883 eximios
446 835 571 898 praestunti
583 850 686 899 corpore
697 844 791 897 tauros,

207 923 257 978 Qui
268 924 312 972 tibi
324 938 389 972 nune
399 924 483 973 viridis
492 924 624 988 depascunt
635 939 731 974 summa
745 924 834 989 Lycaei,

207 1013 291 1074 Delige
302 1022 327 1062 et
335 1013 426 1063 intucta
438 1014 538 1063 totidem
548 1015 641 1063 cervice
650 1017 774 1075 juvencos.

207 1104 317 1156 Quatuor
329 1103 368 1151 his
378 1117 432 1152 arm
444 1104 493 1152 alta
504 1104 534 1156 ad
545 1104 648 1153 delubro
660 1104 762 1153 dearum

208 1192 345 1252 Constitue,
357 1200 382 1241 et
392 1206 488 1241 sacrum
497 1194 590 1254 jugulis
601 1193 702 1243 demitte
712 1208 843 1257 cruorem3

191 1298 196 1305 ·
208 1281 364 1344 Corporaque
375 1281 427 1345 ipsa
437 1283 512 1329 boum
524 1282 642 1331 frondoso
653 1283 737 1332 desere
748 1284 813 1332 luco.

207 1371 276 1431 Post,
288 1370 329 1419 ubi
341 1386 406 1419 nona
416 1385 474 1419 suos
485 1373 583 1420 Aurora
595 1370 730 1420 ostenderit
740 1379 820 1432 ortus,

207 1459 310 1509 Inferius
322 1460 415 1523 Orphei
426 1462 524 1510 Lethaea
535 1475 653 1524 papavera
665 1462 758 1523 mittes,

207 1549 329 1599 Placatam
340 1550 477 1612 Eurydicen
489 1552 565 1599 vitula
576 1553 722 1601 venerabere
732 1566 805 1613 caesa,

206 1640 238 1687 Et
249 1638 343 1700 nigram
355 1624 471 1687 mactabis
482 1654 563 1700 ovem,
575 1641 706 1702 lucumque
713 1640 812 1689 revises.

238 1726 310 1776 Haud
321 1742 404 1776 mora:
423 1728 540 1776 contincm
552 1724 768 1793 matris'praeceptu
778 1729 884 1779 incessit.

205 1819 244 1868 Ad
252 1819 353 1869 delubra
365 1818 443 1867 venit:
461 1826 608 1868 monstratus
620 1819 710 1868 excitat
721 1825 794 1882 aros3

206 1911 317 1963 Quatuor
328 1910 432 1959 eximios
443 1910 567 1973 prestanti
578 1924 680 1973 corpore
689 1918 773 1959 tauros

205 1997 289 2059 Ducit,
300 2007 324 2047 et
335 1998 426 2048 intucta
436 1999 537 2048 totidem
549 2000 642 2048 cervice
650 2001 773 2060 juvencas.

123 2147 125 2150 Ι
204 2090 274 2148 Post,
285 2089 327 2136 ubi
339 2102 404 2137 nona
415 2103 472 2137 suos
484 2090 581 2138 Aurora
593 2088 723 2137 induxerat
734 2097 825 2148 ornnes

204 2177 307 2226 Inferias
320 2176 413 2241 Orphei
423 2178 509 2239 mittit,
515 2180 647 2240 lucumque
659 2177 750 2227 revisit.

205 2265 251 2315 Hic
263 2280 320 2315 vero
331 2267 439 2316 subitum
451 2281 478 2316 ac
495 2268 561 2316 dictu
574 2267 686 2316 mirabile
698 2274 835 2316 monstrum

203 2355 359 2420 Adspiciunt,
370 2356 502 2420 liquefacta
512 2358 589 2405 bourn
600 2371 643 2419 per
654 2357 747 2405 viscera
757 2363 809 2404 toto

203 2445 311 2495 stridere
321 2460 378 2509 apes
389 2455 471 2507 utero,
483 2455 508 2495 et
520 2446 599 2510 ruptis
610 2430 724 2495 effervere
735 2443 826 2505 costis;

203 2535 376 2597 inmensusque
387 2535 452 2585 trahi
463 2536 556 2597 nubes3
572 2538 672 2597 jamque
684 2535 772 2582 arbore
782 2546 879 2582 summa

204 2623 344 2703 'confluere
356 2632 380 2673 et
390 2624 464 2673 lentis
477 2638 548 2673 uvam
559 2624 686 2673 demittere
697 2623 780 2673 ramis.

537 2839 666 2850 -—-..

159 2994 161 3002 ¹
232 3003 296 3049 Horo
306 3014 376 3061 cuper
387 3015 497 3049 arvorum
509 3002 574 3049 cultu
580 3017 739 3064 pecorumque
749 3002 872 3060 conedam,

197 3092 234 3137 Er
243 3104 314 3150 cuper
323 3090 458 3138 ardoribus:
476 3091 561 3138 Caerur
570 3094 626 3138 dum
638 3106 737 3151 mugmo
748 3094 781 3140 ud
791 3092 866 3140 ultum

199 3178 323 3227 Fulminat
334 3180 555 3240 muneremunere,
567 3181 686 3241 uictorque
694 3181 792 3228 edentis
