2334 3734
410 546 568 595 AENEIDOS
586 546 649 593 ΜΒ.
665 546 698 593 X.
910 545 956 592 391

164 674 214 722 Vos
225 672 298 721 etiam
309 673 410 735 gemini,
421 673 518 721 Rutulis
528 672 648 722 cecidistis
659 672 685 719 in
695 670 770 730 artis,

164 755 269 816 Daueis,
282 756 368 805 Laride
379 756 559 818 Thymberque,
572 754 699 803 simillima
710 754 802 817 proles,

165 848 298 896 ludisereta
308 846 358 895 suis
370 854 498 908 gratusque
510 847 650 908 parentibus
661 860 747 907 error;

165 937 199 984 lit
208 950 273 983 nune
284 934 346 983 dura
356 934 423 982 dedit
432 935 501 983 vobis
513 935 655 983 discrimina
666 935 761 983 Pallas:

162 1027 230 1083 ¹Nam
242 1024 297 1084 tibi,
308 1024 442 1087 Thymbre,
453 1032 525 1086 caput
536 1024 672 1073 Evandrius
684 1020 784 1071 statuit
794 1021 876 1083 eusis3

165 1115 201 1161 Te
212 1112 292 1161 decim
302 1127 384 1172 suum,
397 1112 494 1171 Laride,
504 1112 605 1161 dextera
613 1112 704 1172 quaerit
714 1130 723 1172 3

167 1196 365 1261 Semauimesque
376 1200 467 1247 micant
477 1198 555 1260 digiti,
567 1200 708 1260 ferrumque
718 1206 857 1248 retractam.

167 1289 273 1338 Arcadas
284 1288 401 1337 adcensos
410 1288 516 1347 monitu,
528 1294 553 1335 et
560 1288 677 1348 praeclara
687 1293 783 1335 tuentes

168 1380 240 1427 Facta
249 1377 307 1437 viri,
317 1377 409 1425 mistus
420 1376 491 1425 dolor
502 1384 527 1424 et
538 1376 617 1438 pudor
626 1383 706 1425 mmet
717 1375 743 1425 in
754 1377 845 1425 hostes

167 1468 232 1514 ‘lium
243 1467 324 1515 Pallas
331 1465 419 1526 biiugis
430 1465 560 1527 fugientem
573 1466 676 1513 Rhoetea
685 1473 774 1528 praeter

168 1555 277 1616 'l'rajicit
312 1557 365 1603 Hoc
377 1555 481 1618 spatium
492 1562 635 1616 tantumque
646 1566 723 1603 morse
734 1553 782 1603 luit
792 1554 848 1615 llo;

169 1647 206 1693 llo
219 1659 322 1707 namque
330 1647 414 1708 procul
427 1644 531 1695 validam
542 1644 665 1693 direxerat
676 1644 787 1693 hastam:

170 1734 354 1789 Quam‘medius
366 1735 482 1783 lihoeteus
494 1733 627 1795 intercipit,
638 1733 730 1796 optime
741 1732 859 1792 Teuthra,

169 1826 206 1873 Te
217 1824 321 1885 fugiens,
333 1825 479 1885 fratremque
491 1826 573 1887 Tyren
585 1844 591 1872 ι
609 1836 731 1884 curruque
742 1823 839 1871 volutus
898 1807 905 1819 ’

171 1911 248 1961 Caedit
258 1912 397 1962 semanimis
406 1914 553 1963 Rutulorum
565 1908 671 1960 cul'oibus
683 1925 747 1961 arva.

170 2005 206 2052 Ac
217 2002 294 2062 velut,
305 2009 387 2065 optato
398 2002 476 2050 ventis
485 2009 567 2051 aestate
577 2000 679 2060 coortis,

170 2090 285 2153 Dispersa
295 2090 398 2137 inmittit
408 2090 474 2137 silvis
486 2088 599 2136 incendis
611 2096 711 2150 pastor3

172 2178 301 2240 Correptis
312 2176 393 2224 subito
404 2176 501 2235 mediis,
512 2177 652 2223 extenditur
663 2190 713 2224 uua

173 2264 280 2314 Horrida
290 2277 333 2326 per
344 2264 407 2311 latos
414 2262 477 2310 acies
485 2263 603 2310 Volcania
613 2277 712 2324 campos
721 2282 729 2323 ;

173 2355 218 2403 lile
231 2353 317 2402 sedens
328 2352 405 2400 victor
416 2351 527 2400 flammas
537 2350 660 2412 despecm
669 2350 776 2398 ovantis:

173 2444 230 2491 Nou
243 2442 313 2491 aliter
325 2441 418 2489 socium
430 2440 507 2488 virtus
517 2439 568 2487 coit
577 2438 658 2487 omnis
669 2437 696 2485 in
706 2452 795 2496 uuum,

173 2533 256 2593 Teque
264 2532 343 2591 juvat,
356 2530 432 2578 Palla.
465 2528 513 2577 Sed
524 2528 596 2576 bellis
606 2541 663 2575 acer
672 2528 775 2576 Halesus

174 2620 264 2669 Tendit
273 2618 299 2677 in
312 2619 436 2679 adversos,
448 2632 521 2679 seque
532 2617 557 2665 in
569 2630 614 2665 sua
624 2615 725 2677 conligit
735 2629 811 2665 arma.

176 2709 222 2758 llio
234 2716 322 2759 mactat
334 2708 443 2768 laudons,
457 2707 617 2767 Pheretaque,
628 2705 860 2766 Demodocumque3

177 2798 317 2862 Strymonio
328 2798 438 2847 dextram
450 2796 553 2858 fulgenti
564 2794 653 2858 deripit
663 2809 721 2844 ense

176 2889 272 2937 Elatum
284 2887 310 2934 in
318 2889 447 2949 jugulum3
466 2900 525 2935 saxo
536 2884 593 2933 ierit
603 2898 648 2932 ora
657 2880 788 2941 Thoantis,

178 2977 288 3038 Ossaque
296 2974 409 3036 dispersit
415 2975 513 3023 cerebro
525 2973 648 3037 permixta
656 2978 767 3024 eruent).

179 3066 238 3114 Fata
249 3076 339 3112 canem
350 3062 417 3111 silvis
429 3063 524 3123 genitor
534 3063 627 3111 celarat
639 3060 771 3121 Halesum

181 3156 217 3203 Ut
228 3153 310 3203 senior
321 3153 370 3202 leto
382 3152 493 3201 canentia
503 3132 600 3200 lumina
607 3150 692 3199 solvit:
