2334 3734
445 531 604 584 AENEIDOS
622 533 685 584 ΗΒ.
702 534 732 584 V.
938 523 985 578 253

185 665 290 736 Jamque
300 665 361 714 vale.
394 663 504 727 Torquet
514 664 608 714 medios
620 666 678 713 Nox
689 663 790 713 humida
800 677 885 714 cursus
897 684 905 728 ;

185 757 219 804 Et
230 770 270 804 me
280 769 358 804 saevus
369 753 438 816 equis
447 753 537 804 Oriens
548 753 647 802 adflavit
657 753 761 803 anhelis.

186 843 303 894 Dixerat:
321 852 347 894 et
356 844 437 892 tenuis
449 845 522 904 fugit,
535 858 579 893 ceu
591 835 684 904 furnus,
697 844 721 892 in
734 856 814 894 auras.

186 937 288 996 AEneas,
300 937 356 990 Quo
368 935 456 984 deinde
466 935 534 983 rnis?
554 949 603 997 quo
614 933 737 998 proripis?
757 935 847 996 inquit,

186 1026 266 1080 Quem
277 1025 360 1086 fugis?
380 1033 423 1074 aut
433 1025 488 1086 quis
500 1032 525 1073 te
536 1024 628 1074 nostris
639 1024 797 1088 conplexibus
809 1027 895 1074 arcet?

189 1117 247 1165 Haec
258 1129 398 1164 memorans
407 1115 514 1163 cinerem
526 1121 551 1162 et
559 1113 652 1177 sopitos
663 1113 764 1163 suscitat
774 1113 853 1176 ignis3

190 1209 396 1269 Pergameumque
405 1207 507 1265 barem,
518 1213 543 1253 et
551 1219 619 1253 cante
630 1205 763 1278 penetralia
773 1207 863 1265 Vesta,

189 1298 264 1346 Farre
275 1297 314 1361 pio
326 1303 351 1346 et
361 1297 435 1359 plena
445 1296 549 1358 supplex
560 1301 688 1343 veneratur
700 1308 791 1344 acerra.

218 1388 350 1451 Extemplo
362 1387 441 1436 socios
452 1386 608 1450 primumque
618 1387 718 1436 arcessit
728 1388 842 1448 Acesten,

188 1476 222 1524 Et
232 1470 305 1524 Jovts'
312 1474 443 1538 imperium
454 1483 480 1524 et
490 1474 541 1524 cari
552 1483 673 1538 praecepta
683 1475 791 1538 parentis

186 1562 288 1623 Educet,
298 1572 324 1612 et
334 1578 389 1625 quae
399 1576 466 1612 nunc
476 1562 560 1611 animo
575 1563 696 1612 sententia
707 1571 810 1614 constet.

188 1657 261 1709 Haud
271 1656 472 1717 mora'consiliis,
482 1671 527 1705 nec
535 1658 605 1717 jussa
615 1663 712 1705 recusat
722 1657 830 1706 Acestes.

185 1746 363 1795 Transcribunt
373 1746 429 1795 urbi
441 1754 542 1806 matres,
553 1748 720 1809 populumque
730 1747 853 1796 volentem

188 1839 330 1899 Deponunt,
342 1835 437 1884 animos
448 1836 484 1884 nil
496 1849 590 1897 magnae
601 1835 681 1884 laudis
692 1844 798 1897 egentes.

91 1995 95 2000 .
168 1921 172 1928 '
189 1926 238 1990 lpsi
249 1932 356 1975 naustra
366 1933 468 1985 novant,
477 1925 631 1988 flammisque
643 1927 740 1975 ambesa
748 1933 870 1988 reponunt

189 2016 287 2064 Robora
297 2014 414 2076 navigiis;
431 2021 516 2077 aptant
526 2029 656 2075 remosque
667 2013 841 2077 rudentisque;

186 2105 275 2166 Exigui
288 2118 402 2164 numero,
413 2103 457 2152 sed
467 2104 533 2152 bello
544 2101 626 2152 vivida
633 2104 719 2153 virtus.

188 2196 285 2244 Interea
296 2196 387 2244 AEneas
400 2195 484 2242 urbem
496 2192 605 2254 designat
616 2201 707 2255 aratro,

190 2285 345 2348 Sortitusque
356 2284 453 2344 domos,
465 2285 512 2333 hoc
523 2285 608 2345 Ilium,
620 2292 645 2332 et
655 2285 706 2332 haec
718 2285 772 2334 ioca
782 2285 883 2346 Trojam

189 2374 335 2434 Essejnbet.
368 2372 465 2423 Gaudet
475 2372 685 2433 regno-Trojtrnus
697 2372 807 2432 Acestes,
846 2391 849 2396 ·

190 2458 326 2520 ludicitque
338 2458 431 2517 lorum,
440 2464 466 2505 et
476 2457 585 2520 patribus
597 2455 638 2504 dat
645 2457 703 2516 jura
715 2455 813 2504 vocatis.

189 2547 254 2594 '1an
267 2531 347 2594 vicina
357 2544 429 2593 astris
441 2543 547 2606 Erycino
558 2543 584 2591 in
596 2542 686 2592 vertice
697 2542 768 2593 sedes

190 2636 317 2684 Fundatm
327 2635 416 2683 Veneri
428 2634 521 2694 ldaliae,
533 2634 676 2694 tumuloque
688 2631 799 2681 sacerdos

193 2725 229 2773 Ac
239 2726 309 2773 lucus
322 2725 371 2773 late
382 2737 450 2772 sacer
461 2723 558 2772 additur
569 2722 702 2771 Anchiseo.

192 2815 299 2876 Jamque
308 2813 360 2862 dies
372 2814 469 2876 epulata
480 2826 567 2862 novem
578 2826 637 2872 gens
648 2811 739 2872 omnis,
752 2819 777 2860 et
788 2811 837 2860 aris

194 2903 281 2951 Factus
292 2902 389 2951 honosr
407 2900 496 2964 placidi
507 2908 646 2952 straverunt
656 2914 755 2962 aequora
765 2901 841 2959 venti,

194 2992 286 3040 Creber
297 3000 322 3040 et
332 2990 459 3054 adspirans
470 3004 556 3038 rursus
566 2996 637 3038 vocat
647 2990 737 3036 Auster
750 2988 775 3036 in
786 2989 872 3039 altum.

193 3079 312 3128 Exoritur
323 3093 442 3142 procurva
453 3077 538 3139 ingens
549 3093 592 3141 per
604 3077 679 3126 litora
689 3077 777 3138 fletus;

196 3168 318 3234 Conplexi
325 3169 390 3218 inter
401 3182 427 3218 se
437 3175 582 3231 noctemque
593 3167 705 3229 diemque
716 3173 851 3216 morantur.
