2334 3734
400 533 581 585 Buconica
597 535 669 587 ECL.
686 539 718 586 ll.

153 659 281 722 Thestylis
293 667 318 709 et
328 660 414 723 rapido
424 662 495 712 fessis
505 664 655 714 messoribus
665 674 728 715 estu

154 749 225 798 Allin
236 751 416 812 serpyllumque
426 751 513 800 herhas
523 754 653 803 contundit
663 754 768 841 olentis}

155 840 193 886 At
203 853 300 886 mecum
311 838 401 900 raucis,
413 847 455 888 tua
466 840 524 888 dum
535 842 635 903 vestigia
645 843 736 904 lustro,

158 928 218 976 Sole
228 929 274 976 sub
285 928 380 977 ardenti
391 937 507 979 resonant
517 913 617 980 arbusta
625 931 722 981 cicadis.

154 1016 246 1064 Nonne
258 1016 305 1094 fuit
316 1016 402 1077 satius,
413 1017 490 1068 tristis
501 1020 660 1082 Amaryllidis
671 1021 720 1069 iras

158 1105 240 1166 Atque
250 1107 354 1167 superba
364 1106 414 1168 pati
425 1106 538 1156 fastidia?
558 1122 642 1157 nonne
653 1110 800 1158 Menalcan?

159 1194 277 1248 Quamvis
289 1195 332 1244 ille
340 1196 419 1257 niger,
431 1198 540 1258 quamtis
552 1205 579 1246 tu
590 1198 707 1248 candidus
718 1213 794 1250 cases.

157 1283 181 1332 0
192 1285 301 1333 formose
312 1297 384 1348 pier,
395 1286 499 1334 nimium
511 1302 543 1336 ne
552 1287 624 1336 crede
634 1289 719 1337 colori.

155 1373 221 1424 Alba
230 1372 332 1434 ligustra
342 1374 442 1435 cadunt,
453 1375 561 1424 vaccinia
570 1376 641 1438 nigra
649 1377 773 1437 leguntur.

154 1463 288 1523 Despectus
299 1463 344 1510 tihi
355 1477 420 1522 sum,
432 1478 487 1523 nec,
499 1465 541 1524 qui
551 1465 609 1523 sim,
621 1465 721 1526 quaeris,
734 1464 808 1512 Alexi
820 1485 829 1526 ;

156 1551 238 1603 Quam
247 1549 313 1599 dives
324 1551 429 1613 pecoris,
440 1551 503 1600 nivei
515 1566 589 1613 quam
599 1553 671 1601 lactis
682 1551 817 1602 abundans.

159 1637 232 1686 Mille
242 1653 302 1686 mem
314 1639 402 1688 Siculis
413 1647 497 1688 errant
507 1640 535 1687 in
547 1641 672 1689 montibus
683 1655 759 1701 agnae.

157 1729 205 1776 Lac
217 1727 279 1775 mihi
291 1742 342 1776 non
354 1737 436 1778 aestate
448 1743 548 1788 novum,
561 1743 612 1776 non
623 1729 714 1790 frigore
725 1729 791 1778 defit.

160 1816 251 1876 Canto,
263 1832 317 1878 quae
327 1818 426 1878 solitus,
438 1817 568 1880 siquando
580 1825 691 1866 armenta
701 1819 811 1878 vocabat,

160 1905 285 1968 Amphion
297 1905 405 1954 Dircaeus
417 1906 442 1954 iu
451 1908 536 1954 Actaeo
547 1906 696 1968 Aracyntho.

161 1994 213 2042 Nec
224 2007 280 2042 sum
292 1993 352 2042 adeo
363 1994 491 2044 informis:
509 2008 588 2056 nuper
598 2008 639 2042 mc
649 1993 676 2042 in
683 1993 756 2042 litore
767 1979 828 2055 iili,

161 2083 245 2135 Quum
255 2081 377 2145 placidum
387 2082 466 2131 ventis
478 2090 553 2131 staret
563 2097 649 2144 mare;
666 2096 717 2131 non
728 2097 774 2144 ege
784 2082 898 2145 Daphnin

158 2168 247 2218 iudice
257 2177 281 2218 ue
292 2177 409 2230 metuam,
421 2170 442 2219 si
454 2185 580 2233 nunquam
592 2172 661 2219 fallat
672 2171 760 2233 imago.

162 2259 186 2307 0
196 2265 294 2307 tantum
305 2257 486 2309 libeattnecum
496 2259 542 2309 tibi
553 2261 652 2310 sordida
662 2275 721 2309 rura

161 2349 243 2409 Atque
254 2349 354 2398 humilis
365 2350 474 2400 habitare
486 2365 564 2412 casas,
576 2353 685 2413 elligere
695 2365 790 2410 cervos,

164 2435 347 2498 Haedorumque
357 2446 453 2499 gregem
463 2439 536 2488 viridi
546 2441 685 2502 conpellere
695 2439 804 2487 hibisco!

165 2525 265 2572 Mecum
278 2525 363 2574 unuin
376 2526 442 2575 silvis
454 2527 581 2578 imitabere
588 2529 660 2579 Pana
670 2526 788 2575 canendo.
843 2577 847 2586 ,

162 2613 216 2660 Pan
228 2611 322 2675 primus
333 2615 440 2663 calamos
451 2629 506 2664 cera
516 2618 664 2677 conjungere
673 2615 751 2678 pluris

55 2765 59 2770 Ι
163 2699 291 2761 lustimit3
309 2702 360 2748 Pan
372 2712 440 2750 curat
452 2702 504 2750 ovis
513 2703 645 2764 oviumque
656 2703 791 2764 magistros.

161 2790 214 2838 Nec
225 2797 249 2838 tc
260 2789 377 2851 poeniteat
386 2792 481 2840 calamo
493 2792 591 2840 trivisse
601 2792 730 2840 labellum:

162 2879 223 2925 llaec
234 2877 317 2925 eadem
328 2885 356 2926 ut
368 2878 453 2939 sciret,
467 2879 525 2941 quid
537 2861 589 2928 non
601 2880 704 2928 faciebat
714 2881 852 2942 Amyntas?

159 2966 207 3014 Eat
218 2963 279 3012 mihi
290 2965 425 3028 disparibus
436 2975 528 3029 septem
539 2975 657 3030 conpacta
666 2967 751 3018 dentis
795 3021 799 3028 ,

161 3055 267 3115 Fisnrla,
281 3057 406 3106 Damoetas
417 3057 483 3106 dono
494 3057 556 3106 mihi
566 3072 640 3120 quam
652 3057 718 3106 dedit
729 3058 801 3118 olim,

161 3145 197 3192 Et
207 3143 271 3193 dixit
281 3144 402 3194 moricum
420 3147 457 3194 Te
468 3161 533 3194 nunc
543 3147 618 3194 habet
628 3145 676 3194 ista
685 3146 826 3194 semndnmr.
