2334 3734
400 490 556 546 nunrnos
571 492 634 540 nin.
650 492 705 539 vn.
722 464 724 471 ’
900 490 946 538 eor

153 625 211 671 Haec
222 624 318 682 etiams,
330 633 404 682 equos
415 635 518 669 numero
528 626 597 683 peter
608 618 675 681 eligit
685 620 773 693 omni..

151 714 253 762 Stabant
266 719 411 761 tercentum
423 710 493 759 nitidi
504 711 530 760 in
541 708 689 773 prae‘sepibus
701 709 771 759 altis=

152 801 272 850 Omnibus
286 802 408 863 extemplo
418 800 519 849 Teucris
527 802 598 861 jubet
608 800 693 849 ordine
701 800 756 848 duci
822 803 838 820 ’·

153 891 270 938 Instratos
281 897 349 938 ostro
359 890 465 952 alipedes
477 888 594 952 pictisque
606 889 699 951 tepetis.
825 873 833 885 ’

153 980 236 1038 Aurea
246 979 383 1040 pectoribus
395 979 500 1027 demissa
510 978 612 1026 monilia
622 977 735 1039 pendent.

151 1072 220 1120 Tecti
234 1086 304 1131 auro,
317 1072 411 1119 fulvom
423 1072 542 1120 mandunt
553 1073 597 1120 suh
608 1072 719 1120 dentibus
731 1084 825 1119 aunum.
850 1137 852 1141 ι

152 1161 253 1209 Absenti
267 1162 351 1209 AEneae
361 1176 460 1209 currum
473 1162 628 1222 geminosque
636 1160 736 1221 jugalis,

156 1249 253 1298 Semine
264 1251 294 1297 ab
305 1250 416 1308 aetherio,
428 1249 542 1311 spirantis
554 1248 755 1308 naribusignem‚

157 1340 260 1386 Illorum
270 1340 300 1388 de
311 1350 391 1399 gente,
402 1338 465 1402 patri
477 1352 537 1400 quos
548 1338 641 1386 daedala
653 1338 723 1386 Circe

157 1428 287 1490 Subposita
297 1428 326 1475 de
339 1435 416 1475 matre
426 1428 515 1476 nothos
527 1418 606 1474 furiata
616 1425 712 1473 creavit.

156 1513 256 1563 'iniibus
267 1514 381 1563 AEneadae
392 1514 463 1562 donis
474 1504 592 1575 dictisque
602 1511 681 1562 Latini

159 1602 280 1650 Sublimes
291 1602 316 1649 in
329 1603 396 1664 equis
408 1603 519 1662 redeunt,
530 1614 662 1664 pacemque
672 1608 804 1663 reportant.

193 1690 256 1737 Eece
266 1697 347 1738 antem
359 1690 463 1739 Inachiis
474 1705 527 1739 sese
538 1682 657 1738 referebat
668 1690 698 1737 ab
709 1689 780 1750 Argis

160 1778 307 1827 Serninus
318 1782 436 1840 conjunx,
448 1794 568 1841 aurasque
577 1780 672 1828 invecta
683 1778 792 1827 tenebat:

159 1867 192 1913 Et
202 1865 285 1912 iaetnm
297 1866 399 1914 AEneam
411 1868 559 1929 classemque
571 1864 602 1916 ἐκ
612 1868 701 1917 aethere
711 1869 785 1927 longo

161 1952 308 2001 Dardaniam
321 1954 403 2002 Siculo
413 1956 538 2018 prospexit
548 1958 578 2004 ab
589 1970 665 2018 usque
678 1957 798 2018 Pachyno.

162 2042 247 2091 Moliri
254 2044 306 2102 jam
316 2050 380 2090 tecta
387 2044 462 2104 ridet,
471 2046 522 2104 jem
534 2044 609 2092 fidere
620 2053 709 2105 tcrroe3

163 2132 304 2180 Deseruisse
315 2138 387 2178 rates.
420 2132 493 2180 Stetit
503 2132 552 2179 acri
562 2133 613 2179 fixo
623 2132 715 2179 dolore.

138 2273 142 2290 ι
163 2222 227 2267 Turn
238 2233 355 2281 quassans
365 2227 447 2280 caput,
458 2220 511 2267 haec
521 2218 623 2267 effundit
634 2226 730 2280 pectore
742 2219 819 2267 dieta:

166 2310 220 2356 Heu
232 2308 332 2369 stirpem
343 2306 456 2365 inrisam,
469 2314 493 2355 et
504 2307 560 2356 fatis
572 2306 695 2355 contraria
705 2302 795 2353 nostris

165 2398 225 2446 Fato
236 2398 372 2459 Phrygum!
391 2410 451 2445 num
462 2396 540 2457 Sigeis
551 2396 693 2445 occumbere
705 2391 805 2454 campis,

167 2487 234 2533 Num
245 2486 308 2547 capti
318 2486 498 2549 potuere'capi?
518 2500 577 2533 num
589 2484 687 2534 incensa
699 2481 823 2531 cremavit-

166 2574 242 2632 Troia
252 2572 337 2620 viros?
356 2574 448 2622 medias
460 2574 533 2633 acies,
545 2568 684 2634 mediosque
695 2586 737 2634 per
750 2571 817 2631 ignes

169 2662 285 2709 Invenere
296 2661 368 2710 viam.
401 2665 444 2722 At,
456 2663 539 2722 credo,
551 2676 604 2710 mea
615 2660 820 2710 nunninatandenn

170 2748 243 2795 Fessa
249 2749 340 2807 iacent,
351 2749 413 2797 odiis
425 2758 468 2798 aut
477 2758 615 2799 exsaturata
625 2750 736 2812 quievi—

102 2866 106 2870 ·
171 2835 236 2889 Quin
248 2836 322 2883 etiam
333 2838 411 2897 petria
422 2854 534 2888 excussos
545 2840 633 2888 infesta
645 2852 686 2901 per·
697 2837 774 2886 undas

172 2924 239 2971 Ausa
246 2924 325 2985 sequi,
336 2932 361 2972 et
370 2920 478 2986 profugis
490 2934 542 2975 toto
554 2943 593 2975 mc
605 2938 727 2987 opponere
739 2928 822 2984 ponto.

172 3012 297 3059 Absumtae
309 3010 335 3058 in
346 3013 453 3061 Teucros
464 3013 526 3061 vires
537 3014 640 3075 coelique
652 3011 780 3071 marisque.

172 3098 238 3152 Quid
249 3100 341 3161 Syrtes,
352 3107 395 3147 aut
405 3100 485 3163 Scylla
492 3099 562 3161 mihi,
574 3100 632 3163 quid
642 3106 709 3148 vasta
721 3095 854 3161 Charybdis
898 3143 904 3157 ,
