2334 3734
206 537 252 585 118
433 537 460 583 Ρ.
476 535 615 583 viamen
631 533 785 584 nnaonts
874 503 879 509 ⁴

199 663 337 726 Albanique
347 671 438 728 patres,
450 671 523 726 atque
534 654 591 713 siae
601 662 693 712 moenia
704 665 798 712 Rome.

232 755 316 815 Musa,
328 752 389 802 mihi
397 767 494 803 caussas
506 766 627 813 memora,
640 766 689 815 quo
699 753 802 802 numine
813 755 885 815 laeso,

201 842 294 898 Quidve
305 842 401 903 dolens,
415 842 498 904 regina
508 841 581 892 deum
593 849 631 891 tot
641 843 738 891 volvere
745 856 816 892 casua

200 930 324 992 Insignem
335 930 425 994 pietate
437 930 526 992 virum,
538 939 577 981 tat
588 931 655 995 adire
666 931 762 980 labores

201 1019 338 1084 Inpulerit;
355 1025 461 1070 tantaene
472 1018 561 1068 animis
572 1019 712 1068 coelestibns
724 1020 784 1069 irae!

233 1111 300 1159 Urbs
312 1108 412 1171 antiqua
423 1107 486 1172 fuit3
503 1107 572 1172 'lyrii
584 1116 685 1157 tenuere
696 1109 778 1158 soloni
789 1129 797 1171 3

202 1198 335 1260 Carthago,
347 1197 443 1246 ltaliam
455 1205 540 1247 eontra
550 1197 715 1260 Tiberinaque
725 1199 799 1258 longe
850 1229 853 1234 -

201 1284 283 1346 Ostia,
295 1285 361 1334 dives
373 1300 458 1348 opum,
471 1285 606 1346 studiisque
618 1285 752 1348 asperrima
765 1285 839 1334 belii:
937 1307 941 1314 ·

201 1377 281 1429 Quam
291 1376 361 1424 Juno
372 1375 450 1424 fertur
462 1375 534 1424 terris
545 1375 622 1437 magis
634 1376 749 1426 omnibns
760 1389 836 1424 unam

202 1463 345 1514 Posthabita
355 1464 460 1514 coluisse
471 1465 562 1526 Sam03
580 1464 621 1513 hia
632 1463 700 1516 illius
712 1478 792 1525 mma,

88 1589 96 1602 .
114 1617 119 1626 1
203 1553 249 1602 Hic
260 1567 347 1602 amns
358 1553 423 1616 fuit3
439 1554 488 1601 hoc
499 1567 603 1614 regnum
614 1553 660 1602 dea
670 1553 781 1615 gentibus
793 1567 856 1613 esse,

202 1640 229 1690 Si
240 1654 289 1702 qua
300 1641 349 1690 fata
361 1640 454 1701 sinant,
463 1643 516 1702 jam
527 1649 581 1691 tum
594 1641 720 1703 tenditque
731 1643 852 1703 fovetque.

202 1729 346 1790 Progeniem
357 1729 399 1778 sed
410 1729 477 1778 enim
487 1731 597 1791 'l'rojano
609 1745 624 1780 a
634 1731 752 1792 sanguine
763 1731 820 1780 duci

201 1817 328 1879 Audierat,
339 1818 425 1882 'tyrias
437 1818 498 1868 olim
509 1834 563 1881 quae
573 1827 680 1870 verteret
689 1834 774 1883 arces3

202 1907 267 1956 Hinc
278 1909 406 1972 populum,
419 1909 467 1958 late
478 1923 572 1970 regem,
583 1911 696 1972 belloque
707 1910 850 1972 superbum,

201 1997 339 2046 Venturum
351 1997 445 2046 excidio
457 1997 555 2061 Libyan
573 1998 609 2048 sic
619 1999 716 2047 volvere
727 1999 823 2046 Pareae.

201 2084 230 2133 Id
242 2093 363 2146 metuens,
375 2086 511 2148 veterisque
522 2099 618 2135 memor
629 2085 824 2146 saturantem,

187 2173 192 2176 ’
202 2172 285 2222 Prima
295 2174 361 2236 quod
372 2174 403 2223 ad
413 2176 513 2236 Troiam
525 2191 570 2239 pro
582 2175 645 2224 caris
656 2182 764 2236 gesserat
773 2174 846 2236 Argis
857 2194 864 2222 ι

136 2287 138 2294 -
202 2263 255 2310 Nec
266 2261 325 2311 dum
336 2262 410 2311 etiam
421 2278 511 2313 caussae
523 2264 616 2312 irarum
627 2263 732 2336 ses-ique
743 2263 841 2313 dolores

201 2349 353 2400 Exciderant
360 2351 442 2401 animo
452 2372 461 2414 3
480 2361 562 2402 manet
571 2354 622 2402 alta
632 2361 714 2402 mente
725 2361 849 2417 repostum
927 2335 930 2338 ⁴

201 2439 327 2488 iudicium
340 2440 443 2501 Paridis,
455 2449 592 2506 spretaeque.
603 2443 693 2504 injuria
704 2426 801 2503 formae,

202 2527 236 2575 Et
247 2541 323 2589 genus
336 2527 452 2590 invisum,
464 2538 489 2578 et
500 2531 563 2594 rapti
575 2531 722 2595 Ganymedis
733 2532 854 2580 honorent

202 2613 247 2664 His
259 2615 363 2665 adcensa
373 2631 456 2680 super,
465 2619 570 2678 iactatos
582 2633 680 2681 aequore
691 2627 744 2669 toto

200 2703 289 2764 Troas,
302 2704 416 2767 reliqmas
428 2707 541 2755 Danaum
552 2715 625 2770 atque
635 2707 729 2756 inmitis
740 2708 843 2769 Achilli,

198 2792 305 2842 Arcebat
314 2792 387 2854 longe
399 2795 487 2856 Lati03
506 2796 644 2857 multosque
654 2809 698 2857 per
708 2793 787 2846 ann'os

199 2880 323 2930 Errabant
332 2881 379 2930 aeti
391 2881 447 2932 satis
459 2883 537 2931 maria
546 2883 631 2932 omnia
641 2883 742 2932 circum.

199 2969 284 3018 'ianm
296 2969 369 3018 molis
380 2979 433 3020 erat
444 2973 582 3020 Romanam
593 2971 699 3019 eondere
710 2979 816 3033 gentem.

230 3056 279 3105 Vix
291 3071 305 3106 e
316 3067 447 3121 eonspectu
458 3059 547 3108 Siculae
557 3058 654 3108 telluris
666 3059 692 3107 in
702 3060 786 3108 altuni

200 3145 261 3216 Vela
271 3145 371 3207 dabant,
383 3147 434 3195 laeti
445 3154 471 3196 et
482 3161 580 3208 spumas
592 3147 650 3196 selis
660 3162 710 3197 aere
721 3151 840 3211 ruebant;
