<?xml version="1.0" encoding="UTF-8"?>
<!DOCTYPE html PUBLIC "-//W3C//DTD XHTML 1.0 Transitional//EN"
    "http://www.w3.org/TR/xhtml1/DTD/xhtml1-transitional.dtd">
<html xmlns="http://www.w3.org/1999/xhtml" xml:lang="en" lang="en">
 <head>
  <title>
</title>
<meta http-equiv="Content-Type" content="text/html;charset=utf-8" />
  <meta name='ocr-system' content='tesseract 3.04.00' />
  <meta name='ocr-capabilities' content='ocr_page ocr_carea ocr_par ocr_line ocrx_word'/>
</head>
<body>
  <div class='ocr_page' id='page_1' title='image "./publiivirgiliim00heyngoog/publiivirgiliim00heyngoog_0149.png"; bbox 0 0 2334 3734; ppageno 0'>
   <div class='ocr_carea' id='block_1_1' title="bbox 425 511 968 570">
    <p class='ocr_par' dir='ltr' id='par_1_1' title="bbox 425 511 968 570">
     <span class='ocr_line' id='line_1_1' title="bbox 425 511 968 570; baseline -0.004 -2"><span class='ocrx_word' id='word_1_1' title='bbox 425 511 583 570; x_wconf 78' lang='lat' dir='ltr'>AENEIDOS</span> <span class='ocrx_word' id='word_1_2' title='bbox 600 514 664 568; x_wconf 74' lang='lat' dir='ltr'><strong>llll.</strong></span> <span class='ocrx_word' id='word_1_3' title='bbox 681 517 701 567; x_wconf 89' lang='lat' dir='ltr'><strong>l.</strong></span> <span class='ocrx_word' id='word_1_4' title='bbox 922 517 968 566; x_wconf 79' lang='lat'><strong>137</strong></span> 
     </span>
    </p>
   </div>
   <div class='ocr_carea' id='block_1_2' title="bbox 163 642 850 2320">
    <p class='ocr_par' dir='ltr' id='par_1_2' title="bbox 163 642 798 880">
     <span class='ocr_line' id='line_1_2' title="bbox 165 642 797 710; baseline -0.005 -11"><span class='ocrx_word' id='word_1_5' title='bbox 165 642 239 699; x_wconf 82' lang='lat' dir='ltr'>Unde</span> <span class='ocrx_word' id='word_1_6' title='bbox 248 645 297 696; x_wconf 88' lang='lat' dir='ltr'><strong>huc</strong></span> <span class='ocrx_word' id='word_1_7' title='bbox 307 645 411 706; x_wconf 83' lang='lat' dir='ltr'><strong>advecti,</strong></span> <span class='ocrx_word' id='word_1_8' title='bbox 422 659 551 710; x_wconf 74' lang='lat' dir='ltr'>regemque</span> <span class='ocrx_word' id='word_1_9' title='bbox 560 655 672 710; x_wconf 70' lang='lat' dir='ltr'><strong>petimus</strong></span> <span class='ocrx_word' id='word_1_10' title='bbox 683 647 797 698; x_wconf 75' lang='lat' dir='ltr'><strong>Aeestem</strong></span> 
     </span>
     <span class='ocr_line' id='line_1_3' title="bbox 163 735 798 800; baseline -0.003 -12"><span class='ocrx_word' id='word_1_11' title='bbox 163 737 266 788; x_wconf 62' lang='lat' dir='ltr'><strong>&#39;lilibus</strong></span> <span class='ocrx_word' id='word_1_12' title='bbox 276 735 392 788; x_wconf 72' lang='lat' dir='ltr'><strong>Ilioneus.</strong></span> <span class='ocrx_word' id='word_1_13' title='bbox 427 735 516 786; x_wconf 80' lang='lat' dir='ltr'><strong>Cuncti</strong></span> <span class='ocrx_word' id='word_1_14' title='bbox 527 735 653 800; x_wconf 76' lang='lat' dir='ltr'><strong>simulare</strong></span> <span class='ocrx_word' id='word_1_15' title='bbox 660 737 798 786; x_wconf 75' lang='lat' dir='ltr'><strong>fremebunt</strong></span> 
     </span>
     <span class='ocr_line' id='line_1_4' title="bbox 163 826 318 880; baseline -0.026 0"><span class='ocrx_word' id='word_1_16' title='bbox 163 826 318 880; x_wconf 80' lang='lat' dir='ltr'><strong>Durdunldae.</strong></span> 
     </span>
    </p>

    <p class='ocr_par' dir='ltr' id='par_1_3' title="bbox 164 915 834 1247">
     <span class='ocr_line' id='line_1_5' title="bbox 195 915 834 980; baseline -0.003 -14"><span class='ocrx_word' id='word_1_17' title='bbox 195 917 260 966; x_wconf 82' lang='lat' dir='ltr'><strong>&#39;lum</strong></span> <span class='ocrx_word' id='word_1_18' title='bbox 272 915 377 966; x_wconf 83' lang='lat' dir='ltr'><strong>breviter</strong></span> <span class='ocrx_word' id='word_1_19' title='bbox 388 915 464 976; x_wconf 88' lang='lat' dir='ltr'><strong>Dido,</strong></span> <span class='ocrx_word' id='word_1_20' title='bbox 475 916 570 965; x_wconf 85' lang='lat' dir='ltr'><strong>voltum</strong></span> <span class='ocrx_word' id='word_1_21' title='bbox 581 915 697 977; x_wconf 74' lang='lat' dir='ltr'><strong>demissa,</strong></span> <span class='ocrx_word' id='word_1_22' title='bbox 709 918 834 980; x_wconf 76' lang='lat' dir='ltr'><strong>prointus:</strong></span> 
     </span>
     <span class='ocr_line' id='line_1_6' title="bbox 165 1006 796 1069; baseline -0.002 -12"><span class='ocrx_word' id='word_1_23' title='bbox 165 1007 257 1058; x_wconf 82' lang='lat' dir='ltr'><strong>Solvite</strong></span> <span class='ocrx_word' id='word_1_24' title='bbox 267 1007 341 1056; x_wconf 88' lang='lat' dir='ltr'><strong>corde</strong></span> <span class='ocrx_word' id='word_1_25' title='bbox 350 1013 454 1067; x_wconf 88' lang='lat' dir='ltr'><strong>metum,</strong></span> <span class='ocrx_word' id='word_1_26' title='bbox 465 1006 571 1069; x_wconf 81' lang='lat' dir='ltr'><strong>Teucrl;</strong></span> <span class='ocrx_word' id='word_1_27' title='bbox 589 1007 707 1058; x_wconf 81' lang='lat' dir='ltr'><strong>secludite</strong></span> <span class='ocrx_word' id='word_1_28' title='bbox 717 1021 796 1058; x_wconf 76' lang='lat' dir='ltr'><strong>eurus.</strong></span> 
     </span>
     <span class='ocr_line' id='line_1_7' title="bbox 165 1097 741 1159; baseline 0 -12"><span class='ocrx_word' id='word_1_29' title='bbox 165 1098 213 1147; x_wconf 83' lang='lat' dir='ltr'><strong>Res</strong></span> <span class='ocrx_word' id='word_1_30' title='bbox 224 1097 297 1159; x_wconf 77' lang='lat' dir='ltr'><strong>diua,</strong></span> <span class='ocrx_word' id='word_1_31' title='bbox 308 1104 333 1146; x_wconf 84' lang='lat' dir='ltr'><strong>et</strong></span> <span class='ocrx_word' id='word_1_32' title='bbox 341 1097 410 1158; x_wconf 77' lang='lat' dir='ltr'><strong>regni</strong></span> <span class='ocrx_word' id='word_1_33' title='bbox 421 1097 515 1146; x_wconf 72' lang='lat' dir='ltr'><strong>novitus</strong></span> <span class='ocrx_word' id='word_1_34' title='bbox 528 1111 568 1146; x_wconf 88' lang='lat' dir='ltr'><strong>me</strong></span> <span class='ocrx_word' id='word_1_35' title='bbox 579 1097 639 1146; x_wconf 83' lang='lat' dir='ltr'><strong>teiln</strong></span> <span class='ocrx_word' id='word_1_36' title='bbox 649 1105 741 1158; x_wconf 74' lang='lat' dir='ltr'><strong>cogunt</strong></span> 
     </span>
     <span class='ocr_line' id='line_1_8' title="bbox 164 1185 611 1247; baseline 0.002 -12"><span class='ocrx_word' id='word_1_37' title='bbox 164 1186 262 1247; x_wconf 84' lang='lat' dir='ltr'><strong>Moliri,</strong></span> <span class='ocrx_word' id='word_1_38' title='bbox 271 1194 296 1236; x_wconf 88' lang='lat' dir='ltr'><strong>et</strong></span> <span class='ocrx_word' id='word_1_39' title='bbox 304 1187 353 1236; x_wconf 80' lang='lat' dir='ltr'><strong>late</strong></span> <span class='ocrx_word' id='word_1_40' title='bbox 361 1185 418 1236; x_wconf 83' lang='lat' dir='ltr'><strong>bnis</strong></span> <span class='ocrx_word' id='word_1_41' title='bbox 429 1187 530 1236; x_wconf 82' lang='lat' dir='ltr'><strong>custode</strong></span> <span class='ocrx_word' id='word_1_42' title='bbox 538 1186 611 1236; x_wconf 86' lang='lat' dir='ltr'><strong>tueri.</strong></span> 
     </span>
    </p>

    <p class='ocr_par' dir='ltr' id='par_1_4' title="bbox 164 1275 842 1520">
     <span class='ocr_line' id='line_1_9' title="bbox 165 1275 842 1338; baseline 0 -13"><span class='ocrx_word' id='word_1_43' title='bbox 165 1275 225 1330; x_wconf 80' lang='lat' dir='ltr'><strong>Quis</strong></span> <span class='ocrx_word' id='word_1_44' title='bbox 235 1289 311 1337; x_wconf 76' lang='lat' dir='ltr'><strong>genus</strong></span> <span class='ocrx_word' id='word_1_45' title='bbox 322 1275 470 1336; x_wconf 79' lang='lat' dir='ltr'><strong>AEnesdunn,</strong></span> <span class='ocrx_word' id='word_1_46' title='bbox 483 1275 537 1337; x_wconf 90' lang='lat' dir='ltr'><strong>quis</strong></span> <span class='ocrx_word' id='word_1_47' title='bbox 548 1278 632 1338; x_wconf 75' lang='lat' dir='ltr'><strong>&#39;lboJoe</strong></span> <span class='ocrx_word' id='word_1_48' title='bbox 643 1275 735 1326; x_wconf 77' lang='lat' dir='ltr'><strong>nesciet</strong></span> <span class='ocrx_word' id='word_1_49' title='bbox 746 1277 842 1336; x_wconf 87' lang='lat' dir='ltr'><strong>urbem,</strong></span> 
     </span>
     <span class='ocr_line' id='line_1_10' title="bbox 164 1361 794 1428; baseline 0.002 -15"><span class='ocrx_word' id='word_1_50' title='bbox 164 1361 320 1428; x_wconf 66' lang='lat' dir='ltr'><strong>virtutesque</strong></span> <span class='ocrx_word' id='word_1_51' title='bbox 332 1364 455 1426; x_wconf 80' lang='lat' dir='ltr'><strong>virosque,</strong></span> <span class='ocrx_word' id='word_1_52' title='bbox 465 1373 508 1414; x_wconf 79' lang='lat' dir='ltr'><strong>sut</strong></span> <span class='ocrx_word' id='word_1_53' title='bbox 517 1365 580 1416; x_wconf 75' lang='lat' dir='ltr'><strong>tenti</strong></span> <span class='ocrx_word' id='word_1_54' title='bbox 591 1364 704 1416; x_wconf 80' lang='lat' dir='ltr'><strong>incendit</strong></span> <span class='ocrx_word' id='word_1_55' title='bbox 714 1365 773 1415; x_wconf 85' lang='lat' dir='ltr'><strong>belli</strong></span> <span class='ocrx_word' id='word_1_56' title='bbox 784 1367 794 1414; x_wconf 76' lang='lat'><strong>‚³</strong></span> 
     </span>
     <span class='ocr_line' id='line_1_11' title="bbox 166 1453 723 1520; baseline 0.004 -18"><span class='ocrx_word' id='word_1_57' title='bbox 166 1454 221 1503; x_wconf 89' lang='lat' dir='ltr'><strong>Non</strong></span> <span class='ocrx_word' id='word_1_58' title='bbox 230 1455 319 1504; x_wconf 84' lang='lat' dir='ltr'><strong>obtusa</strong></span> <span class='ocrx_word' id='word_1_59' title='bbox 326 1453 386 1504; x_wconf 83' lang='lat' dir='ltr'><strong>sdeo</strong></span> <span class='ocrx_word' id='word_1_60' title='bbox 398 1462 519 1515; x_wconf 76' lang='lat' dir='ltr'><strong>gestemus</strong></span> <span class='ocrx_word' id='word_1_61' title='bbox 528 1462 626 1520; x_wconf 80' lang='lat' dir='ltr'><strong>pectore</strong></span> <span class='ocrx_word' id='word_1_62' title='bbox 635 1454 723 1517; x_wconf 80' lang='lat' dir='ltr'><strong>Poenl3</strong></span> 
     </span>
    </p>

    <p class='ocr_par' dir='ltr' id='par_1_5' title="bbox 165 1542 828 1874">
     <span class='ocr_line' id='line_1_12' title="bbox 165 1542 828 1606; baseline 0.002 -15"><span class='ocrx_word' id='word_1_63' title='bbox 165 1543 217 1592; x_wconf 85' lang='lat' dir='ltr'><strong>Nec</strong></span> <span class='ocrx_word' id='word_1_64' title='bbox 226 1550 278 1592; x_wconf 80' lang='lat' dir='ltr'><strong>tam</strong></span> <span class='ocrx_word' id='word_1_65' title='bbox 289 1556 387 1593; x_wconf 80' lang='lat' dir='ltr'><strong>eversus</strong></span> <span class='ocrx_word' id='word_1_66' title='bbox 399 1557 474 1606; x_wconf 88' lang='lat' dir='ltr'><strong>equos</strong></span> <span class='ocrx_word' id='word_1_67' title='bbox 485 1543 560 1606; x_wconf 59' lang='lat' dir='ltr'><strong>&#39;lyris</strong></span> <span class='ocrx_word' id='word_1_68' title='bbox 570 1545 615 1593; x_wconf 88' lang='lat' dir='ltr'><strong>Sol</strong></span> <span class='ocrx_word' id='word_1_69' title='bbox 623 1542 705 1605; x_wconf 73' lang='lat' dir='ltr'><strong>jungit</strong></span> <span class='ocrx_word' id='word_1_70' title='bbox 716 1544 747 1592; x_wconf 82' lang='lat' dir='ltr'><strong>eb</strong></span> <span class='ocrx_word' id='word_1_71' title='bbox 759 1543 828 1592; x_wconf 86' lang='lat' dir='ltr'><strong>urbe.</strong></span> 
     </span>
     <span class='ocr_line' id='line_1_13' title="bbox 165 1629 802 1696; baseline 0.003 -16"><span class='ocrx_word' id='word_1_72' title='bbox 165 1630 213 1680; x_wconf 86' lang='lat' dir='ltr'><strong>Seu</strong></span> <span class='ocrx_word' id='word_1_73' title='bbox 224 1644 268 1680; x_wconf 86' lang='lat' dir='ltr'><strong>vos</strong></span> <span class='ocrx_word' id='word_1_74' title='bbox 281 1629 424 1694; x_wconf 72' lang='lat' dir='ltr'>Hesperiam</span> <span class='ocrx_word' id='word_1_75' title='bbox 435 1645 548 1694; x_wconf 74' lang='lat' dir='ltr'><strong>magnam</strong></span> <span class='ocrx_word' id='word_1_76' title='bbox 560 1632 722 1696; x_wconf 79' lang='lat' dir='ltr'><strong>Saunnlsque</strong></span> <span class='ocrx_word' id='word_1_77' title='bbox 733 1643 802 1692; x_wconf 74' lang='lat' dir='ltr'><strong>sris,</strong></span> 
     </span>
     <span class='ocr_line' id='line_1_14' title="bbox 165 1705 755 1786; baseline 0.005 -17"><span class='ocrx_word' id='word_1_78' title='bbox 165 1720 220 1770; x_wconf 87' lang='lat' dir='ltr'><strong>Sive</strong></span> <span class='ocrx_word' id='word_1_79' title='bbox 228 1720 313 1785; x_wconf 80' lang='lat' dir='ltr'><strong>Erycis</strong></span> <span class='ocrx_word' id='word_1_80' title='bbox 325 1722 386 1772; x_wconf 88' lang='lat' dir='ltr'><strong>lines</strong></span> <span class='ocrx_word' id='word_1_81' title='bbox 397 1705 526 1784; x_wconf 64' lang='lat' dir='ltr'><strong>regemuue</strong></span> <span class='ocrx_word' id='word_1_82' title='bbox 534 1722 623 1785; x_wconf 77' lang='lat' dir='ltr'><strong>optetis</strong></span> <span class='ocrx_word' id='word_1_83' title='bbox 635 1724 755 1786; x_wconf 71' lang='lat' dir='ltr'><strong>Auestenz</strong></span> 
     </span>
     <span class='ocr_line' id='line_1_15' title="bbox 165 1791 739 1874; baseline 0.002 -15"><span class='ocrx_word' id='word_1_84' title='bbox 165 1791 266 1861; x_wconf 71' lang='lat' dir='ltr'><strong>riuxillo</strong></span> <span class='ocrx_word' id='word_1_85' title='bbox 277 1817 345 1860; x_wconf 87' lang='lat' dir='ltr'><strong>tutos</strong></span> <span class='ocrx_word' id='word_1_86' title='bbox 354 1809 486 1871; x_wconf 73' lang='lat' dir='ltr'><strong>dimittam,</strong></span> <span class='ocrx_word' id='word_1_87' title='bbox 498 1811 633 1874; x_wconf 86' lang='lat' dir='ltr'><strong>opibusque</strong></span> <span class='ocrx_word' id='word_1_88' title='bbox 640 1812 739 1873; x_wconf 74' lang='lat' dir='ltr'><strong>iuvabo.</strong></span> 
     </span>
    </p>

    <p class='ocr_par' dir='ltr' id='par_1_6' title="bbox 165 1897 850 2320">
     <span class='ocr_line' id='line_1_16' title="bbox 165 1897 787 1964; baseline 0.002 -16"><span class='ocrx_word' id='word_1_89' title='bbox 165 1897 245 1948; x_wconf 84' lang='lat' dir='ltr'><strong>Vultis</strong></span> <span class='ocrx_word' id='word_1_90' title='bbox 257 1906 283 1950; x_wconf 91' lang='lat' dir='ltr'><strong>et</strong></span> <span class='ocrx_word' id='word_1_91' title='bbox 292 1899 331 1948; x_wconf 87' lang='lat' dir='ltr'><strong>his</strong></span> <span class='ocrx_word' id='word_1_92' title='bbox 343 1914 440 1950; x_wconf 87' lang='lat' dir='ltr'><strong>meeum</strong></span> <span class='ocrx_word' id='word_1_93' title='bbox 448 1899 538 1964; x_wconf 80' lang='lat' dir='ltr'><strong>puriter</strong></span> <span class='ocrx_word' id='word_1_94' title='bbox 550 1898 677 1952; x_wconf 85' lang='lat' dir='ltr'><strong>considere</strong></span> <span class='ocrx_word' id='word_1_95' title='bbox 685 1899 787 1963; x_wconf 75' lang='lat' dir='ltr'><strong>regnis?</strong></span> 
     </span>
     <span class='ocr_line' id='line_1_17' title="bbox 166 1989 850 2053; baseline -0.001 -14"><span class='ocrx_word' id='word_1_96' title='bbox 166 1989 259 2039; x_wconf 85' lang='lat' dir='ltr'>Urbem</span> <span class='ocrx_word' id='word_1_97' title='bbox 268 2003 341 2052; x_wconf 79' lang='lat' dir='ltr'><strong>quam</strong></span> <span class='ocrx_word' id='word_1_98' title='bbox 354 1997 446 2050; x_wconf 81' lang='lat' dir='ltr'><strong>statuo,</strong></span> <span class='ocrx_word' id='word_1_99' title='bbox 458 1997 539 2038; x_wconf 78' lang='lat' dir='ltr'><strong>vestra</strong></span> <span class='ocrx_word' id='word_1_100' title='bbox 549 1997 604 2053; x_wconf 81' lang='lat' dir='ltr'><strong>est3</strong></span> <span class='ocrx_word' id='word_1_101' title='bbox 621 1990 747 2040; x_wconf 78' lang='lat' dir='ltr'><strong>subducite</strong></span> <span class='ocrx_word' id='word_1_102' title='bbox 758 2002 850 2050; x_wconf 79' lang='lat' dir='ltr'><strong>nsves3</strong></span> 
     </span>
     <span class='ocr_line' id='line_1_18' title="bbox 165 2077 783 2143; baseline 0.003 -15"><span class='ocrx_word' id='word_1_103' title='bbox 165 2079 227 2129; x_wconf 76' lang='lat' dir='ltr'><strong>&#39;lios</strong></span> <span class='ocrx_word' id='word_1_104' title='bbox 235 2077 372 2143; x_wconf 82' lang='lat' dir='ltr'><strong>Tyriusque</strong></span> <span class='ocrx_word' id='word_1_105' title='bbox 384 2078 446 2128; x_wconf 87' lang='lat' dir='ltr'><strong>mihi</strong></span> <span class='ocrx_word' id='word_1_106' title='bbox 458 2080 527 2130; x_wconf 89' lang='lat' dir='ltr'><strong>nullo</strong></span> <span class='ocrx_word' id='word_1_107' title='bbox 539 2079 680 2130; x_wconf 74' lang='lat' dir='ltr'><strong>discrimine</strong></span> <span class='ocrx_word' id='word_1_108' title='bbox 691 2088 783 2142; x_wconf 72' lang='lat' dir='ltr'><strong>agenn.</strong></span> 
     </span>
     <span class='ocr_line' id='line_1_19' title="bbox 165 2166 815 2232; baseline -0.002 -16"><span class='ocrx_word' id='word_1_109' title='bbox 165 2168 245 2230; x_wconf 81' lang='lat' dir='ltr'><strong>Atque</strong></span> <span class='ocrx_word' id='word_1_110' title='bbox 256 2166 351 2216; x_wconf 79' lang='lat' dir='ltr'><strong>utinam</strong></span> <span class='ocrx_word' id='word_1_111' title='bbox 363 2182 407 2218; x_wconf 81' lang='lat' dir='ltr'><strong>rex</strong></span> <span class='ocrx_word' id='word_1_112' title='bbox 419 2167 481 2232; x_wconf 81' lang='lat' dir='ltr'><strong>lpse,</strong></span> <span class='ocrx_word' id='word_1_113' title='bbox 494 2169 562 2217; x_wconf 89' lang='lat' dir='ltr'><strong>Noto</strong></span> <span class='ocrx_word' id='word_1_114' title='bbox 573 2168 706 2231; x_wconf 74' lang='lat' dir='ltr'><strong>conpulsus</strong></span> <span class='ocrx_word' id='word_1_115' title='bbox 716 2167 815 2226; x_wconf 88' lang='lat' dir='ltr'><strong>eodem,</strong></span> 
     </span>
     <span class='ocr_line' id='line_1_20' title="bbox 165 2254 748 2320; baseline 0.002 -16"><span class='ocrx_word' id='word_1_116' title='bbox 165 2254 269 2305; x_wconf 82' lang='lat' dir='ltr'><strong>Adioret</strong></span> <span class='ocrx_word' id='word_1_117' title='bbox 280 2257 389 2306; x_wconf 76' lang='lat' dir='ltr'><strong>AEness!</strong></span> <span class='ocrx_word' id='word_1_118' title='bbox 408 2255 519 2318; x_wconf 84' lang='lat' dir='ltr'><strong>equidem</strong></span> <span class='ocrx_word' id='word_1_119' title='bbox 532 2271 575 2320; x_wconf 87' lang='lat' dir='ltr'><strong>per</strong></span> <span class='ocrx_word' id='word_1_120' title='bbox 583 2255 658 2305; x_wconf 86' lang='lat' dir='ltr'><strong>litnrs</strong></span> <span class='ocrx_word' id='word_1_121' title='bbox 668 2262 748 2305; x_wconf 85' lang='lat' dir='ltr'><strong>certos</strong></span> 
     </span>
    </p>
   </div>
   <div class='ocr_carea' id='block_1_3' title="bbox 75 2341 787 2411">
    <p class='ocr_par' dir='ltr' id='par_1_7' title="bbox 75 2341 787 2411">
     <span class='ocr_line' id='line_1_21' title="bbox 75 2341 787 2411; baseline -0.003 -18"><span class='ocrx_word' id='word_1_122' title='bbox 75 2405 78 2411; x_wconf 26' lang='grc' dir='ltr'>Ι</span> <span class='ocrx_word' id='word_1_123' title='bbox 166 2341 305 2406; x_wconf 65' lang='lat' dir='ltr'><strong>Diuitem,</strong></span> <span class='ocrx_word' id='word_1_124' title='bbox 317 2351 342 2393; x_wconf 90' lang='lat' dir='ltr'><strong>et</strong></span> <span class='ocrx_word' id='word_1_125' title='bbox 353 2343 434 2409; x_wconf 80' lang='lat' dir='ltr'><strong>Libyae</strong></span> <span class='ocrx_word' id='word_1_126' title='bbox 445 2345 551 2394; x_wconf 86' lang='lat' dir='ltr'><strong>lustrare</strong></span> <span class='ocrx_word' id='word_1_127' title='bbox 562 2351 673 2394; x_wconf 75' lang='lat' dir='ltr'><strong>exuemus</strong></span> <span class='ocrx_word' id='word_1_128' title='bbox 679 2344 787 2405; x_wconf 73' lang='lat' dir='ltr'><strong>jubebo,</strong></span> 
     </span>
    </p>
   </div>
   <div class='ocr_carea' id='block_1_4' title="bbox 166 2430 866 3212">
    <p class='ocr_par' dir='ltr' id='par_1_8' title="bbox 166 2430 718 2496">
     <span class='ocr_line' id='line_1_22' title="bbox 166 2430 718 2496; baseline -0.004 -14"><span class='ocrx_word' id='word_1_129' title='bbox 166 2430 193 2482; x_wconf 89' lang='lat' dir='ltr'><strong>Si</strong></span> <span class='ocrx_word' id='word_1_130' title='bbox 204 2434 291 2496; x_wconf 87' lang='lat' dir='ltr'><strong>qulbus</strong></span> <span class='ocrx_word' id='word_1_131' title='bbox 302 2435 393 2494; x_wconf 86' lang='lat' dir='ltr'><strong>ejectus</strong></span> <span class='ocrx_word' id='word_1_132' title='bbox 401 2432 469 2484; x_wconf 86' lang='lat' dir='ltr'><strong>silvis</strong></span> <span class='ocrx_word' id='word_1_133' title='bbox 480 2441 523 2483; x_wconf 81' lang='lat' dir='ltr'><strong>sut</strong></span> <span class='ocrx_word' id='word_1_134' title='bbox 531 2433 633 2482; x_wconf 83' lang='lat' dir='ltr'><strong>urbibus</strong></span> <span class='ocrx_word' id='word_1_135' title='bbox 644 2439 718 2482; x_wconf 84' lang='lat' dir='ltr'><strong>errst.</strong></span> 
     </span>
    </p>

    <p class='ocr_par' dir='ltr' id='par_1_9' title="bbox 166 2519 866 3125">
     <span class='ocr_line' id='line_1_23' title="bbox 199 2519 866 2582; baseline -0.006 -11"><span class='ocrx_word' id='word_1_136' title='bbox 199 2521 244 2571; x_wconf 87' lang='lat' dir='ltr'><strong>His</strong></span> <span class='ocrx_word' id='word_1_137' title='bbox 256 2520 366 2572; x_wconf 80' lang='lat' dir='ltr'><strong>animum</strong></span> <span class='ocrx_word' id='word_1_138' title='bbox 378 2521 469 2572; x_wconf 78' lang='lat' dir='ltr'><strong>adnecti</strong></span> <span class='ocrx_word' id='word_1_139' title='bbox 481 2521 562 2582; x_wconf 88' lang='lat' dir='ltr'><strong>dictis,</strong></span> <span class='ocrx_word' id='word_1_140' title='bbox 574 2528 599 2570; x_wconf 89' lang='lat' dir='ltr'><strong>et</strong></span> <span class='ocrx_word' id='word_1_141' title='bbox 610 2519 681 2570; x_wconf 80' lang='lat' dir='ltr'><strong>fortis</strong></span> <span class='ocrx_word' id='word_1_142' title='bbox 693 2520 799 2568; x_wconf 70' lang='lat' dir='ltr'><strong>Aelium</strong></span> <span class='ocrx_word' id='word_1_143' title='bbox 859 2539 866 2552; x_wconf 92' lang='lat'><strong>·</strong></span> 
     </span>
     <span class='ocr_line' id='line_1_24' title="bbox 168 2609 788 2675; baseline -0.002 -16"><span class='ocrx_word' id='word_1_144' title='bbox 168 2611 200 2660; x_wconf 80' lang='lat' dir='ltr'><strong>Et</strong></span> <span class='ocrx_word' id='word_1_145' title='bbox 210 2619 280 2675; x_wconf 81' lang='lat' dir='ltr'><strong>puter</strong></span> <span class='ocrx_word' id='word_1_146' title='bbox 292 2611 393 2673; x_wconf 76' lang='lat' dir='ltr'><strong>AEnens,</strong></span> <span class='ocrx_word' id='word_1_147' title='bbox 402 2611 547 2674; x_wconf 83' lang='lat' dir='ltr'><strong>jamdudum</strong></span> <span class='ocrx_word' id='word_1_148' title='bbox 558 2623 686 2673; x_wconf 78' lang='lat' dir='ltr'><strong>erumpere</strong></span> <span class='ocrx_word' id='word_1_149' title='bbox 697 2609 788 2659; x_wconf 89' lang='lat' dir='ltr'><strong>nubem</strong></span> 
     </span>
     <span class='ocr_line' id='line_1_25' title="bbox 166 2702 787 2765; baseline -0.003 -13"><span class='ocrx_word' id='word_1_150' title='bbox 166 2702 299 2752; x_wconf 79' lang='lat' dir='ltr'><strong>Ardebant.</strong></span> <span class='ocrx_word' id='word_1_151' title='bbox 333 2702 405 2754; x_wconf 84' lang='lat' dir='ltr'><strong>Prior</strong></span> <span class='ocrx_word' id='word_1_152' title='bbox 417 2705 521 2754; x_wconf 78' lang='lat' dir='ltr'><strong>AEnesm</strong></span> <span class='ocrx_word' id='word_1_153' title='bbox 532 2703 656 2765; x_wconf 78' lang='lat' dir='ltr'><strong>conpellat</strong></span> <span class='ocrx_word' id='word_1_154' title='bbox 667 2702 771 2751; x_wconf 78' lang='lat' dir='ltr'><strong>Achates</strong></span> <span class='ocrx_word' id='word_1_155' title='bbox 782 2720 787 2750; x_wconf 74' lang='grc' dir='ltr'>ι</span> 
     </span>
     <span class='ocr_line' id='line_1_26' title="bbox 168 2790 772 2854; baseline 0 -15"><span class='ocrx_word' id='word_1_156' title='bbox 168 2792 231 2840; x_wconf 80' lang='lat' dir='ltr'><strong>Nate</strong></span> <span class='ocrx_word' id='word_1_157' title='bbox 242 2791 298 2853; x_wconf 82' lang='lat' dir='ltr'><strong>des,</strong></span> <span class='ocrx_word' id='word_1_158' title='bbox 310 2806 363 2854; x_wconf 79' lang='lat' dir='ltr'><strong>qun</strong></span> <span class='ocrx_word' id='word_1_159' title='bbox 376 2807 442 2842; x_wconf 89' lang='lat' dir='ltr'><strong>nunc</strong></span> <span class='ocrx_word' id='word_1_160' title='bbox 452 2793 535 2843; x_wconf 76' lang='lat' dir='ltr'><strong>animo</strong></span> <span class='ocrx_word' id='word_1_161' title='bbox 544 2791 667 2841; x_wconf 84' lang='lat' dir='ltr'><strong>sententis</strong></span> <span class='ocrx_word' id='word_1_162' title='bbox 677 2790 772 2852; x_wconf 75' lang='lat' dir='ltr'><strong>surgit?</strong></span> 
     </span>
     <span class='ocr_line' id='line_1_27' title="bbox 168 2879 818 2944; baseline -0.005 -15"><span class='ocrx_word' id='word_1_163' title='bbox 168 2879 259 2930; x_wconf 82' lang='lat' dir='ltr'><strong>Omnln</strong></span> <span class='ocrx_word' id='word_1_164' title='bbox 269 2887 324 2930; x_wconf 80' lang='lat' dir='ltr'><strong>tute</strong></span> <span class='ocrx_word' id='word_1_165' title='bbox 333 2880 417 2944; x_wconf 67' lang='lat' dir='ltr'><strong>vides,</strong></span> <span class='ocrx_word' id='word_1_166' title='bbox 433 2882 548 2942; x_wconf 79' lang='lat' dir='ltr'><strong>classem,</strong></span> <span class='ocrx_word' id='word_1_167' title='bbox 561 2879 688 2941; x_wconf 80' lang='lat' dir='ltr'><strong>sociosque</strong></span> <span class='ocrx_word' id='word_1_168' title='bbox 700 2886 818 2942; x_wconf 82' lang='lat' dir='ltr'><strong>receptos.</strong></span> 
     </span>
     <span class='ocr_line' id='line_1_28' title="bbox 169 2966 801 3034; baseline -0.005 -16"><span class='ocrx_word' id='word_1_169' title='bbox 169 2969 239 3020; x_wconf 91' lang='lat' dir='ltr'><strong>Unus</strong></span> <span class='ocrx_word' id='word_1_170' title='bbox 252 2971 331 3032; x_wconf 72' lang='lat' dir='ltr'><strong>abest,</strong></span> <span class='ocrx_word' id='word_1_171' title='bbox 342 2970 423 3020; x_wconf 87' lang='lat' dir='ltr'><strong>medlo</strong></span> <span class='ocrx_word' id='word_1_172' title='bbox 434 2969 461 3020; x_wconf 88' lang='lat' dir='ltr'><strong>in</strong></span> <span class='ocrx_word' id='word_1_173' title='bbox 472 2971 548 3020; x_wconf 85' lang='lat' dir='ltr'><strong>ductu</strong></span> <span class='ocrx_word' id='word_1_174' title='bbox 560 2984 633 3034; x_wconf 88' lang='lat' dir='ltr'><strong>quem</strong></span> <span class='ocrx_word' id='word_1_175' title='bbox 640 2968 745 3018; x_wconf 80' lang='lat' dir='ltr'><strong>vidimus</strong></span> <span class='ocrx_word' id='word_1_176' title='bbox 754 2966 801 3030; x_wconf 87' lang='lat' dir='ltr'><strong>ipsi</strong></span> 
     </span>
     <span class='ocr_line' id='line_1_29' title="bbox 169 3055 788 3125; baseline -0.002 -17"><span class='ocrx_word' id='word_1_177' title='bbox 169 3059 327 3110; x_wconf 86' lang='lat' dir='ltr'><strong>Submersum</strong></span> <span class='ocrx_word' id='word_1_178' title='bbox 338 3081 346 3124; x_wconf 78' lang='lat' dir='ltr'><strong>l</strong></span> <span class='ocrx_word' id='word_1_179' title='bbox 364 3055 435 3110; x_wconf 83' lang='lat' dir='ltr'><strong>dictis</strong></span> <span class='ocrx_word' id='word_1_180' title='bbox 446 3060 594 3125; x_wconf 81' lang='lat' dir='ltr'><strong>respondent</strong></span> <span class='ocrx_word' id='word_1_181' title='bbox 603 3067 684 3110; x_wconf 80' lang='lat' dir='ltr'><strong>cetere</strong></span> <span class='ocrx_word' id='word_1_182' title='bbox 694 3056 788 3108; x_wconf 78' lang='lat' dir='ltr'><strong>metris.</strong></span> 
     </span>
    </p>

    <p class='ocr_par' dir='ltr' id='par_1_10' title="bbox 168 3147 765 3212">
     <span class='ocr_line' id='line_1_30' title="bbox 168 3147 765 3212; baseline -0.002 -16"><span class='ocrx_word' id='word_1_183' title='bbox 168 3147 216 3198; x_wconf 83' lang='lat' dir='ltr'><strong>Vix</strong></span> <span class='ocrx_word' id='word_1_184' title='bbox 228 3163 257 3199; x_wconf 79' lang='lat' dir='ltr'><strong>ea</strong></span> <span class='ocrx_word' id='word_1_185' title='bbox 267 3149 333 3200; x_wconf 74' lang='lat' dir='ltr'><strong>fauts</strong></span> <span class='ocrx_word' id='word_1_186' title='bbox 344 3156 407 3211; x_wconf 76' lang='lat' dir='ltr'><strong>erat,</strong></span> <span class='ocrx_word' id='word_1_187' title='bbox 419 3164 494 3212; x_wconf 88' lang='lat' dir='ltr'><strong>quum</strong></span> <span class='ocrx_word' id='word_1_188' title='bbox 506 3148 656 3200; x_wconf 76' lang='lat' dir='ltr'><strong>circumfusa</strong></span> <span class='ocrx_word' id='word_1_189' title='bbox 666 3154 765 3211; x_wconf 86' lang='lat' dir='ltr'><strong>repente</strong></span> 
     </span>
    </p>
   </div>
   <div class='ocr_carea' id='block_1_5' title="bbox 0 0 1179 3734">
    <p class='ocr_par' dir='ltr' id='par_1_11' title="bbox 0 0 1179 3734">
     <span class='ocr_line' id='line_1_31' title="bbox 0 0 1179 3734; baseline 0 0"><span class='ocrx_word' id='word_1_190' title='bbox 0 0 1179 3734; x_wconf 95' lang='lat' dir='ltr'><strong> </strong></span> 
     </span>
    </p>
   </div>
  </div>
 </body>
</html>
