2334 3734
217 518 264 565 394
446 517 474 564 Ρ.
492 514 628 565 VIRGlLll
646 512 798 561 MABONIS

219 644 316 704 Incidit,
329 652 410 707 atque,
421 643 484 693 viam
495 642 568 706 clipei
578 641 665 691 molita
675 656 718 704 per
728 649 796 700 oras,

218 735 326 783 Tandem
338 734 412 783 etiam
424 747 511 794 magno
523 731 625 781 strinxit
633 729 664 779 de
673 744 777 791 oorpore
786 729 874 777 Turni.
922 770 926 773 .

219 823 265 872 Hic
277 825 376 871 Turnus
388 824 454 871 ferro
464 822 595 884 praefixum
606 822 682 868 robur
693 826 764 867 acuto

218 914 246 961 ln
259 912 371 960 Pallanta
381 910 423 960 diu
434 911 527 975 librans
534 909 605 970 iacit,
616 917 689 970 atque
698 908 733 957 ita
742 909 821 956 fourr:

217 1000 331 1061 Adspice,
343 1015 403 1048 num
415 1012 483 1060 mage
494 999 526 1047 sit
538 1006 651 1047 nostrum
661 997 811 1060 penetrabile
822 994 908 1045 telum.

218 1088 335 1151 Dixerat3
353 1096 378 1137 at
388 1088 505 1151 clipeum,
516 1096 554 1136 tot
565 1087 626 1135 ferri
635 1094 712 1147 terga,
725 1082 839 1144 tofaeris,

145 1186 149 1203 '
219 1174 281 1227 Cum
293 1177 364 1239 pellis
378 1177 466 1225 totiens
475 1178 546 1225 obeat
556 1174 705 1223 circumdata
715 1172 791 1232 tauri,

218 1266 328 1315 Vibranti
340 1266 447 1314 medium
458 1264 538 1326 cuspis
550 1263 729 1311 transverberat
739 1261 801 1321 ictu,

218 1356 356 1417 ltorioeque
368 1368 448 1404 moras
460 1361 485 1403 et
495 1359 579 1416 pectus
589 1353 699 1414 perforat
709 1351 803 1411 ingens·

219 1444 264 1493 llle
276 1443 340 1507 rapit
349 1444 454 1493 calidum
465 1444 557 1491 frustra
567 1440 706 1489 deuoluere
716 1439 794 1487 telum
803 1457 813 1500 3

219 1535 276 1583 Una
286 1534 416 1595 eademque
427 1533 466 1581 via
475 1531 572 1593 sanguis
580 1530 724 1590 animusque
734 1535 876 1589 sequuntur.

220 1623 324 1672 Conruit
335 1623 360 1671 in
369 1624 472 1684 volnus3
490 1621 598 1669 sonitum
610 1632 684 1681 super
694 1631 764 1666 arma
774 1604 879 1678 dedere3

218 1710 251 1758 Et
261 1719 352 1760 terram
363 1712 476 1761 hostilem
488 1714 596 1763 moriens
606 1714 720 1775 petitore
730 1723 840 1764 cruento.

219 1799 298 1852 Quem
309 1802 408 1849 'lirinus
420 1816 491 1864 super
503 1803 636 1853 adsistens:

217 1888 334 1948 Arcades,
346 1890 406 1947 hren,
418 1889 507 1950 inquit,
516 1906 637 1942 meur-mes
648 1907 704 1942 mea
713 1894 779 1943 dieta
788 1894 878 1943 referte

217 1976 343 2025 Evandro:
363 1978 465 2029 Qualem
477 1979 577 2039 meruit,
591 1982 703 2031 Pallanta
712 1982 818 2031 remitto.

219 2064 335 2125 Quisquis
345 2064 424 2113 honos
435 2066 534 2126 tumuli,
546 2069 665 2130 quidquid
675 2070 784 2119 solamen
794 2070 912 2119 humandi
922 2079 968 2131 est,

219 2152 328 2213 Largior.
361 2155 434 2203 llaud
445 2154 483 2203 illi
494 2158 594 2206 stabunt
604 2158 692 2206 AEneia
702 2172 776 2221 parvo

221 2243 340 2305 Hospitis.
372 2246 405 2293 Et
415 2246 475 2293 levo
487 2246 576 2307 pressit
586 2246 656 2308 pede,
667 2247 727 2295 talia
736 2248 811 2307 murs,

158 2372 163 2387 ‚
219 2332 375 2393 Exanimem,
388 2333 484 2396 rapiens
497 2334 606 2384 inmania
614 2334 723 2397 pondera
732 2336 817 2396 baltei,

218 2422 406 2484 inpressumque
416 2424 484 2471 nefas
496 2445 501 2473 ι
520 2438 569 2473 una
579 2426 625 2473 sub
634 2432 707 2473 noete
714 2424 791 2485 juguli

219 2510 287 2559 Coesa
298 2526 384 2560 manus
393 2513 510 2573 juvenum
523 2514 598 2573 frede,
609 2514 758 2576 thalamique
769 2516 880 2578 cruenti3

219 2600 281 2653 Quae
294 2600 387 2648 Clonus
398 2602 526 2663 Eurytides
538 2603 617 2652 multo
627 2604 754 2653 ooelaverst
763 2617 836 2655 auro:

219 2689 274 2742 Quo
287 2690 351 2736 nunc
362 2691 460 2737 Turnus
471 2684 616 2752 ovat'spolio
628 2692 762 2757 gaudetque
772 2693 872 2756 potitius.
914 2720 921 2726 -
985 2728 991 2735 -

218 2777 307 2825 Nescia
318 2792 387 2827 mens
398 2778 526 2827 hominnm
538 2779 582 2828 lati
593 2782 714 2843 sortisque
724 2783 823 2843 futura,

218 2866 251 2913 Et
262 2880 357 2916 semare
369 2868 479 2929 modum,
492 2870 563 2918 rebus
575 2871 671 2919 sublata
681 2871 801 2920 sectrndis.
821 2870 825 2879 '

217 2956 303 3003 Turno
315 2963 409 3019 tempus
419 2957 477 3018 erit,
489 2972 577 3020 magno
588 2974 644 3007 eum
655 2959 775 3022 optaverit
784 2969 877 3010 emtum

219 3044 339 3092 lntaotum
348 3045 469 3106 Pallanta,
477 3055 565 3095 etcum
577 3047 656 3109 spolia
666 3048 714 3097 ista
723 3049 837 3111 diemque

220 3129 314 3178 Oderit.
346 3132 380 3179 At
390 3132 450 3180 socii
461 3135 538 3183 mmto
550 3134 641 3195 gemitu
652 3136 806 3198 lacrimisque
885 3193 887 3199 ¹
