2334 3734
364 547 562 599 GEORGICON
579 549 643 599 bns.
661 551 694 598 11.
894 549 926 599 57

125 677 175 725 Ant
185 683 283 726 tantmn
297 677 384 739 fluere,
397 684 439 726 aut
449 677 551 728 totidem
560 678 650 728 durare
660 692 704 743 per
715 692 801 730 annos.

124 767 178 816 Non
191 780 237 829 ego
245 775 281 828 te,
292 767 330 818 dis
341 776 366 817 et
377 769 467 819 mensis
475 769 574 833 adcepta
586 769 709 831 secundis,

121 857 287 918 transierim,
302 858 409 919 Rhodia,
420 866 445 908 et
456 858 566 919 turbidis,
578 861 705 921 Bumsste,
716 860 827 910 racemis.

123 947 170 996 Sed
182 960 275 1008 neque,
288 961 362 1008 quam
374 949 458 996 multoe
470 948 572 1012 species,
584 963 641 1008 nec,
652 947 754 998 nomina
764 965 819 1012 qum
829 949 889 1009 sint,

122 1037 168 1086 Est
179 1051 313 1097 numerus,¹
325 1039 476 1100 nequeenim
488 1053 591 1088 numero
602 1039 769 1102 conprendere
778 1041 867 1090 refert:

123 1128 202 1181 Quem
216 1126 259 1188 qui
272 1125 335 1175 scire
345 1127 414 1188 velit,
427 1128 510 1192 Libyci
522 1129 581 1177 velit
590 1128 695 1190 equoris
706 1129 771 1178 idem

121 1216 222 1265 Discere
233 1230 307 1278 quam
318 1217 402 1265 multas
413 1217 523 1280 Zephyro
533 1219 664 1266 mrbentu
674 1231 771 1280 arence3

121 1308 181 1368 Aut,
192 1307 237 1355 ubi
249 1305 350 1368 navigiis
360 1305 491 1355 violentior
503 1306 590 1356 incidit
600 1308 692 1368 Eurus,

122 1398 214 1456 Nosse,
228 1402 290 1457 quot
302 1395 365 1443 lonii
375 1395 474 1445 veniant
486 1395 516 1444 sd
528 1396 602 1444 litora
614 1396 711 1446 ductus

153 1486 207 1533 Nec
218 1498 278 1533 vero
289 1491 361 1532 terrae
370 1484 434 1532 ferre
446 1483 628 1538 omnesomnia
637 1493 749 1547 possum.

120 1573 279 1624 Fluminibus
289 1573 391 1636 salices3
409 1573 544 1637 crassisque
558 1574 688 1637 paludibus
698 1573 749 1624 alni

122 1665 285 1724 Nascuntur;
302 1661 397 1712 steriles
409 1662 504 1712 saxosis
516 1663 641 1712 montibus
655 1662 727 1726 orni;

121 1752 207 1802 Litora
219 1751 331 1816 myrtetis
342 1752 485 1813 laetissima3
506 1752 611 1814 denique
622 1760 718 1816 apertos

121 1845 233 1894 Bacchus
245 1850 311 1893 amat
322 1843 404 1904 collis,
416 1843 556 1905 aquilonem
568 1851 594 1891 et
604 1842 696 1903 frigora
705 1841 766 1890 taxi.

123 1933 228 1997 Adspice
240 1941 267 1982 et
277 1932 394 1981 extremis
405 1922 526 1981 domitum
538 1931 674 1980 cultoribus
689 1932 785 1990 orbem,

123 2024 236 2086 ansque
249 2022 335 2074 domos
347 2022 469 2082 Arabum,
481 2021 607 2084 pictosque
620 2021 736 2070 Gelonos.

124 2112 214 2161 Dirisae
226 2111 355 2160 arboribus
366 2111 451 2175 patria
463 2130 469 2159 :
488 2111 541 2160 sola
552 2111 623 2160 ludia
633 2111 730 2172 nigrum

125 2201 182 2250 Fert
194 2203 315 2263 ebenum3
333 2200 393 2250 solis
405 2209 443 2249 est
454 2207 524 2249 turea
534 2199 602 2261 virga
613 2199 712 2249 Sabucis.

127 2290 192 2346 Quid
202 2291 248 2340 tibi
261 2290 363 2339 odorato
375 2293 480 2340 referam
492 2289 605 2339 sudantia
615 2288 682 2350 ligno

127 2381 298 2442 Balsamaque,
311 2387 336 2429 et
346 2381 431 2429 baccas
443 2394 539 2443 semper
551 2378 689 2428 mordentis
700 2377 815 2427 acanthi?
884 2437 886 2441 ι

129 2469 192 2524 Quid
203 2483 307 2519 nemora
317 2469 472 2531 AEtbiopum,
485 2468 555 2517 molli
568 2467 681 2516 canentia
692 2467 767 2515 lana?
937 2468 941 2475 ‘

128 2559 272 2620 Velleraque
282 2565 311 2606 ut
319 2557 385 2605 foliis
393 2556 521 2620 depectant
532 2555 617 2605 tenuia
628 2555 719 2604 Seres?

128 2650 178 2697 Aut
188 2661 250 2710 quos
263 2647 363 2696 Oceano
374 2646 474 2710 propior
486 2645 548 2706 gerit
561 2642 632 2693 india
642 2645 721 2704 lucos,

129 2736 239 2788 Extremi
251 2736 320 2785 sinus
331 2736 412 2785 orbisz
431 2735 473 2784 ubi
484 2748 542 2783 aera
551 2733 650 2783 vincere
661 2746 786 2782 summurn

130 2824 231 2875 Arboris
242 2825 308 2874 baud
318 2814 377 2874 uilae
384 2826 453 2885 jactu
463 2830 564 2886 potuere
576 2822 669 2883 sagitte
679 2824 689 2869 ἓ

130 2916 161 2964 Et
171 2928 230 2976 gens
241 2913 286 2962 illa
297 2912 395 2975 quidem
406 2911 493 2961 sumtis
504 2926 554 2960 non
566 2910 638 2960 tarda
647 2907 776 2973 pharetris.

131 3002 212 3052 Media
223 3003 272 3052 fert
282 3002 365 3052 tristes
376 3015 461 3051 succoe
472 3000 618 3062 tardumque
627 3012 738 3062 saporem

133 3093 217 3143 Felicis
229 3093 305 3156 mali;
323 3106 372 3155 quo
383 3105 434 3140 non
446 3087 594 3155 praesentius
604 3089 695 3147 ullum,

135 3183 223 3232 Pocula
233 3182 254 3232 si
266 3181 363 3244 qnando
374 3195 444 3230 sarm
455 3179 561 3230 infecere
574 3191 694 3235 novercae,
