2334 3734
412 510 649 564 montuosum.
666 482 736 561 vn(
806 500 807 503 ’
914 516 961 561 315

166 638 275 688 Volcano
284 637 393 700 genitum
404 654 492 701 peoora
502 640 567 688 inter
576 640 681 701 agrestia
692 654 772 701 regem

164 727 341 788 inventumque
353 727 414 775 focis
425 728 506 775 omnis
513 743 586 789 quem
597 729 701 778 credidit
712 737 782 788 ems,

162 814 285 863 Caeculus.
320 817 392 864 Hunc
403 816 467 877 legio
477 818 525 865 late
536 816 666 866 comitatur
677 817 777 879 agrestis
787 836 798 868 ε.

166 902 261 963 Quique
272 904 350 953 altum
363 906 483 952 Praeneste
493 904 551 964 niri,
562 906 651 967 quique
661 906 829 955 arva'Gabinae

164 990 281 1049 iunonis,
292 992 447 1053 gelidumque
457 993 588 1054 Anienem,
598 1001 622 1043 et
632 994 727 1043 roscida
737 994 794 1043 rivis
822 1062 827 1067 ᾖ

166 1078 273 1127 Hernica
281 1093 340 1127 saxa
351 1082 453 1142 colunt;
470 1096 542 1142 quos,
554 1082 619 1131 dives
628 1083 748 1143 Anagnia,
760 1082 847 1144 pascis,

165 1170 244 1228 Quos,
256 1171 376 1234 Amasene
387 1179 462 1237 pater.
496 1174 553 1219 Non
565 1172 739 1221 illistnmnibus
751 1175 836 1231 arma‚'

37 1236 43 1240 ,
68 1306 72 1315 ,
85 1286 89 1292 ·
152 1258 217 1305 -Nec
227 1259 300 1321 clipei
310 1274 425 1309 currusve
437 1268 538 1309 sonant:
555 1274 612 1322 pars
623 1275 739 1309 maxuma
749 1261 847 1325 glandes

165 1345 272 1395 Liventis
283 1346 377 1409 plumbi
388 1349 495 1411 spargit3
512 1364 569 1411 pars
579 1349 672 1411 spicula
682 1358 758 1410 gestat

164 1435 228 1484 Bina
238 1450 329 1499 manu;
347 1438 475 1499 fultosque
485 1439 537 1501 lupi
547 1438 577 1487 de
588 1440 651 1501 pelle
662 1440 756 1499 galeros

164 1524 272 1583 Tegme'n
284 1525 374 1573 habent
385 1526 475 1587 capiti3
491 1526 591 1587 vestigia
602 1526 666 1577 nuda
676 1526 769 1575 sinistri
834 1548 843 1562 c

69 1662 72 1669 ¹
166 1610 388 1675 Instituerepedis3
405 1615 494 1663 crudus
506 1614 565 1675 tegit
576 1615 654 1663 altera
664 1629 731 1678 pero.
811 1606 818 1621 ⁸

197 1701 232 1748 At
241 1702 379 1763 Messapus,
390 1716 480 1765 equum
491 1704 609 1764 domitor,
619 1703 742 1767 Neptunia
752 1706 843 1767 proles,

165 1789 245 1842 Quem
256 1804 333 1851 neque
344 1792 381 1839 fas
392 1792 444 1852 igni
453 1792 567 1854 cuiquam
579 1808 624 1841 nec
636 1801 744 1841 sternere
757 1796 834 1853 ferro,

164 1872 222 1920 Jam
233 1872 326 1935 pridem
337 1875 429 1924 resides
439 1878 553 1939 populos,
565 1876 710 1939 desuetaque
721 1877 786 1926 bello

164 1961 279 2022 Agmina,
291 1963 317 2010 in
328 1977 398 2012 arma
408 1972 479 2013 vocat
489 1966 579 2026 subito,
593 1967 733 2027 ferrumque
745 1972 878 2021 retractat,

168 2050 201 2098 Hi
213 2052 374 2103 Fescenninas
385 2053 448 2101 acies
460 2055 600 2115 AEquosque
611 2056 728 2113 Faliscos,

18 2140 26 2147 ’
90 2209 93 2213 ,
166 2140 199 2188 Hi
211 2139 317 2189 Soractis
326 2140 661 2202 habentaroesFlavinieque
672 2156 740 2200 arva,

163 2230 196 2276 Et
209 2226 300 2277 cimini
312 2241 369 2274 cum
379 2235 465 2275 monte
474 2229 553 2280 lacurn
565 2230 681 2301 Inoosque
693 2230 812 2291 Capenos.

116 2308 120 2313 “
165 2318 237 2365 Ibant
246 2316 335 2377 aequati
346 2330 460 2377 numero,
471 2331 601 2378 regemque
611 2318 740 2373 concitant:

165 2408 217 2456 Ceu
227 2406 351 2468 quondam
363 2406 426 2454 nivei
436 2406 530 2467 liquida
539 2405 603 2469 inter
615 2405 699 2455 nubila
710 2405 790 2467 cycni,

165 2496 247 2549 Quum
257 2508 310 2543 sese
320 2509 335 2543 e
345 2502 415 2557 pastu
425 2495 547 2554 referunt,
558 2502 583 2543 et
593 2496 667 2555 longa
677 2507 779 2543 canoros

166 2584 232 2631 Dant
242 2597 285 2646 per
295 2584 359 2632 colla
369 2584 456 2633 modos
466 2604 475 2645 3
492 2591 564 2632 sonet
575 2581 664 2641 amnis,
675 2588 701 2630 et
710 2580 769 2631 Asia
780 2582 851 2641 longe
884 2580 887 2585 “

166 2673 241 2723 Pulsa
251 2673 328 2735 palus.

166 2762 218 2809 Nee
228 2761 355 2822 quisquam
366 2769 453 2811 aeratas
462 2760 524 2809 acies
536 2774 568 2808 ex
578 2758 674 2821 agmine
684 2766 754 2811 tanto

132 2843 143 2912 J
166 2848 266 2899 Misceri
277 2829 359 2911 putet:
377 2851 468 2899 aeriam
479 2849 522 2897 scd
531 2848 626 2909 gurgite
634 2849 665 2895 ab
676 2847 726 2893 aito
809 2872 813 2880 ·

167 2937 273 2999 Urgueri
286 2938 411 2987 volnerum
423 2950 551 2985 raucarum
563 2936 594 2984 ad
604 2936 678 2984 litora
688 2934 787 2982 nubem.

197 3021 270 3086 Eece,
282 3027 429 3077 Sabinorum
439 3026 518 3089 priseo
528 3026 559 3074 de
570 3025 698 3087 sanguine,
710 3036 824 3083 magnum

166 3116 261 3177 Agmcn
273 3129 346 3178 agens
358 3116 476 3173 clausum
483 3115 612 3176 magnique
623 3114 673 3173 ipse
684 3110 786 3175 agminis
797 3110 883 3169 instar,
938 3132 942 3139 ·
