2334 3734
206 493 253 541 390
435 490 462 537 P.
478 486 616 535 VlRGlhll
632 484 786 534 MARONIS

208 620 373 668 Concurrunt:
391 616 468 665 haeret
477 614 537 677 pade
547 629 602 677 pes,
612 613 750 675 densusque
758 612 812 661 viro
823 612 869 661 vir.

239 709 273 755 At
283 714 351 769 parte
362 720 393 755 ex
405 704 463 765 alia,
474 718 522 765 qua
532 716 593 752 saxa
604 702 710 751 rotantia
720 702 769 749 late

182 795 189 804 '
207 796 332 857 lnpulerat
342 801 438 843 torrens
448 794 594 853 arbustaque
605 791 687 839 diruta
697 790 768 852 ripis,

210 883 329 943 Arcadaa,
341 882 451 930 insuetos
464 881 526 929 acies
538 880 629 929 inferre
639 878 769 942 pudeam,

208 971 245 1019 Ut
254 968 314 1017 vidit
326 970 405 1019 Pallas
417 968 486 1017 Latio
499 967 557 1016 dare
568 975 638 1028 terga
649 966 764 1029 sequaoi3

209 1060 302 1121 Aspera
313 1056 367 1119 quis
379 1064 467 1105 natura
475 1056 524 1105 loci
535 1056 658 1105 dimittere
668 1054 766 1116 quando

207 1144 289 1195 Suasit
300 1159 390 1207 equos3
409 1160 486 1194 unum
497 1130 562 1206 duod
573 1145 646 1192 rebus
659 1151 735 1192 restat
746 1142 839 1205 egeria

208 1237 279 1284 Nune
290 1249 371 1298 prece,
383 1250 447 1283 nunc
458 1234 528 1283 dictis
540 1234 657 1282 virtutem
668 1232 781 1281 adcendit
791 1232 897 1281 amariaz

207 1325 262 1378 Quo
274 1322 367 1385 fugitis,
379 1322 457 1371 socii?
475 1336 518 1385 per
529 1336 572 1370 vos
583 1329 609 1369 et
620 1320 695 1370 sortia
705 1322 780 1380 facta,

207 1412 253 1460 Per
263 1411 330 1459 ducis
342 1410 450 1459 Evandri
461 1424 562 1469 nomen,
575 1407 717 1470 devictaque
728 1409 803 1468 bella,

207 1501 328 1562 Spemque
338 1512 428 1558 meam,
440 1497 523 1559 patrio
534 1512 588 1558 quae
600 1512 665 1546 nunc
676 1496 743 1545 subit
753 1498 842 1545 aemula
851 1496 930 1556 laudi,

209 1587 286 1637 Fidite
298 1603 329 1636 ne
341 1585 450 1650 pedibus.
484 1585 559 1633 Ferro
571 1586 707 1647 rumpenda
716 1599 759 1647 per
770 1584 848 1633 hostio

207 1677 252 1725 Est
261 1677 307 1724 via.
341 1678 396 1729 Qua
406 1676 492 1736 globus
503 1674 545 1723 ille
555 1673 635 1721 virum
647 1672 806 1721 densissimus
817 1681 921 1735 urguet:

148 1800 152 1809 ι
209 1768 260 1814 Hac
269 1780 312 1814 vos
323 1773 348 1814 et
359 1766 470 1814 Pallanta
481 1764 567 1812 ducem
580 1762 659 1825 patria
669 1763 721 1809 alta
732 1762 844 1824 reposcit.

208 1854 316 1902 Numina
327 1854 396 1901 nulla
407 1861 535 1915 premunt:
554 1852 655 1900 mortali
666 1834 798 1912 urguemur
809 1852 839 1899 ab
850 1851 922 1902 hoste

208 1941 343 2001 Mortales,
361 1939 462 1987 totidem
475 1939 546 1987 nobis
558 1939 695 2004 animaque
707 1952 849 2000 mannaque.

207 2030 282 2087 Ecce,
295 2027 368 2075 maris
380 2040 467 2087 magna
476 2026 568 2074 claudit
579 2040 624 2074 nos
636 2026 714 2088 0inoe
725 2035 831 2089 pontum

207 2120 281 2166 Deest
289 2118 340 2177 jam
352 2124 418 2165 terra
429 2117 506 2178 hrgae:
525 2116 628 2177 Pelagus
638 2118 771 2176 'l'roJamne
782 2119 910 2179 petemus?

208 2206 266 2252 llaec
277 2204 320 2263 ait,
333 2212 357 2253 et
368 2204 462 2253 medina
474 2205 562 2253 densos
575 2204 714 2266 prorumpit
723 2204 750 2251 in
760 2203 847 2253 hostia.

208 2292 299 2341 obvius
311 2274 367 2342 huic
378 2293 496 2355 primum,
508 2292 565 2341 satis
577 2292 696 2341 adductus
707 2291 808 2355 iniquis,

206 2380 246 2429 Fit
257 2383 347 2442 Lagus:
366 2383 442 2441 hunc,
454 2395 542 2443 magno
555 2381 623 2429 vellit
634 2380 692 2429 dum
703 2382 812 2444 pondere
822 2395 920 2445 auum,

196 2468 301 2517 ΙΙιιιοιῐο
313 2469 364 2530 figit
375 2470 435 2529 tolo,
448 2469 589 2517 discrimina
599 2468 673 2517 costis

208 2560 254 2605 Por
264 2558 370 2607 medium
379 2573 426 2619 qua
438 2558 508 2619 spina
519 2558 602 2605 dabat:
620 2558 763 2619 hastamque
774 2567 880 2622 rootptat

207 2646 310 2696 Ossibus
322 2647 463 2695 haerentem.
498 2648 576 2698 Quem
588 2660 639 2693 nou
650 2660 723 2709 super
734 2657 838 2711 occupat
849 2648 937 2709 Hisbo,

204 2734 250 2781 llle
261 2733 359 2794 quidem
371 2734 417 2798 hoc
428 2746 544 2796 sperana3
562 2746 618 2781 uam
631 2735 711 2783 Pallas
723 2745 780 2785 ante
794 2745 918 2797 ruentem,

206 2822 272 2871 Dum
283 2823 352 2883 furit,
365 2824 488 2873 incautum
500 2827 593 2878 crudeli
605 2838 685 2879 morto
695 2828 798 2890 sodalis,

205 2911 313 2975 Excipit,
326 2922 397 2976 atque
408 2929 493 2964 ensem
504 2918 599 2967 tumido
611 2920 637 2967 in
649 2921 765 2982 pulmone
776 2917 895 2968 recondit.

207 3001 271 3051 Hinc
282 3004 425 3053 Sthenelum
437 3007 507 3069 petit,
518 3016 543 3056 et
554 3002 638 3058 Rhoeti
649 3009 679 3058 de
689 3016 762 3069 gente
772 3016 868 3057 venusta

205 3091 395 3153 Anchemolum,
407 3094 527 3143 thalamos
539 3110 625 3145 ausum
637 3096 757 3145 innatae
768 3111 887 3147 norem.
