2334 3734
399 540 557 593 AENEIDOS
573 544 637 601 ῙᾸΒ,
654 542 700 594 lx.
900 548 947 598 363

150 675 216 723 Dum
225 671 313 741 domus
322 672 408 721 AEnese
420 671 528 735 capitoli
539 670 657 721 inmobile
670 684 756 722 saxum

150 762 264 823 Adcolet,
276 761 454 825 imperiumque
463 769 533 824 pater
544 763 669 811 Romanus
683 762 789 813 habebit.

184 850 295 899 Victores
306 849 388 912 prum
396 849 483 898 Rutuli
494 850 626 913 spoliisque
637 850 718 914 potiti,

151 939 308 989 Volsceutem
319 939 460 988 exanimum
468 939 554 987 flentes
565 940 592 987 in
601 948 682 989 castra
693 940 810 991 ferebant.

153 1029 205 1076 Nec
216 1028 298 1076 miuor
308 1028 335 1077 iu
346 1028 432 1079 castris
443 1030 533 1087 luctus,
545 1029 681 1077 Rhamnete
693 1038 789 1093 reperto

154 1117 288 1177 Exsangui,
299 1126 325 1166 et
335 1118 420 1180 primis
430 1125 527 1167 anatot
537 1118 603 1166 caede
614 1120 738 1181 peremtis,

155 1205 307 1267 Serranoque
319 1209 456 1268 Numaque.
490 1210 578 1268 lugens
589 1222 721 1257 concursus
734 1208 827 1272 adipso

100 1350 106 1357 ἱ
156 1293 274 1355 Corpora,
286 1294 465 1357 seminecesque
475 1295 552 1355 viros,
563 1296 690 1359 tepidaque
700 1303 823 1345 recentem

157 1382 228 1431 cede
239 1384 331 1443 locum,
343 1391 369 1432 et
379 1385 464 1446 plenos
475 1386 598 1447 spumanti
610 1386 727 1447 sanguine
738 1386 811 1436 rivos.

155 1472 314 1533 Adgnoscunt
325 1472 404 1535 spolia
413 1473 478 1521 inter
489 1488 525 1534 se,
536 1476 677 1537 galeamque
688 1475 806 1524 nitentem

156 1560 273 1623 Messapi,
285 1569 311 1609 et
321 1562 400 1609 multo
411 1562 523 1624 phaleras
533 1563 622 1613 sudore
632 1571 748 1627 receptas.

187 1650 220 1698 Et
227 1652 279 1710 jam
290 1648 369 1712 prium
379 1664 443 1699 novo
454 1652 581 1713 spargebat
591 1651 685 1700 lumine
696 1658 773 1700 terras

152 1738 255 1790 'Iitboui
266 1754 379 1787 croceum
389 1740 502 1801 linquens
513 1743 611 1790 Aurora
621 1740 715 1790 cubile:
806 1767 810 1775 ι

154 1828 212 1877 Jam
223 1828 275 1876 sole
286 1828 378 1889 intuso,
386 1832 440 1889 Jam
451 1832 524 1879 rebus
534 1832 589 1879 luce
600 1830 708 1891 retectis,

152 1919 253 1969 Turnus
264 1919 290 1967 in
301 1933 370 1969 arma
380 1921 456 1982 viros,
464 1922 540 1971 armis
550 1921 714 1971 circumdatus
728 1921 790 1985 ipse,

156 2008 278 2070 Smcitat3
295 2016 429 2071 eretusque
439 2010 502 2066 ucles
513 2011 539 2057 ln
550 2010 637 2073 proelia
651 2011 726 2071 cogit,

156 2094 265 2157 Quisque
276 2109 344 2154 suos,
356 2095 477 2169 variisque
486 2105 578 2144 acuunt
588 2096 727 2145 rumoribus
739 2098 796 2146 iras.

156 2183 224 2239 Quin
234 2184 288 2245 ipsa
298 2183 401 2232 adrectis
415 2184 478 2245 (risu
490 2182 638 2243 miserabile)
651 2184 765 2232 lubeatis

58 2294 60 2297 ·
156 2272 289 2332 Praetigunt
299 2270 386 2333 capita,
398 2277 424 2319 et
435 2272 512 2318 multo
522 2272 631 2319 clamore
642 2277 787 2331 sequuntur,

156 2360 257 2425 Euryali
267 2367 293 2409 et
305 2359 368 2407 Nisi.

156 2450 273 2500 AEueadae
282 2450 339 2499 duri
351 2462 479 2498 murorum
490 2448 517 2497 iu
528 2456 597 2511 parte
608 2448 708 2497 sinistra

157 2541 300 2603 Opposuere
311 2538 388 2587 amem
402 2538 471 2602 (nam
480 2537 580 2587 dextera
591 2536 696 2598 cingitur
708 2534 800 2599 amni),

155 2630 311 2691 ingentisque
322 2635 408 2677 teuent
418 2628 508 2687 fossus,
519 2635 545 2675 et
554 2626 662 2675 turribus
673 2626 729 2676 altis

156 2718 228 2767 Stant
239 2718 328 2767 musti:
347 2719 420 2767 simul
431 2730 476 2766 ors
487 2717 565 2765 vlruin
576 2718 676 2780 praetixn
688 2717 826 2777 movebant,

157 2808 223 2855 Nota
232 2806 306 2855 nimis
318 2806 423 2865 miseris,
436 2814 537 2868 atroque
547 2806 650 2854 fluentia
661 2806 726 2854 tabo.

159 2892 256 2940 Interea
266 2890 375 2953 paridam
386 2891 489 2939 volitans
501 2898 607 2953 pennam
617 2904 660 2953 per
670 2890 757 2937 urbem

159 2980 253 3029 Nuntia
263 2980 338 3028 Fama
348 2979 408 3039 ruit,
419 2980 551 3042 matrisque
561 2978 683 3027 adlabitur
694 2976 759 3025 auris

157 3066 266 3131 Euryali.
299 3069 334 3116 At
343 3068 437 3117 subitus
448 3068 543 3117 miserae
553 3070 621 3117 oelor
632 3080 688 3116 ossa
699 3065 806 3129 reliquit.

160 3156 264 3206 Excussi
275 3156 387 3206 munibus
397 3156 469 3218 radii,
481 3158 638 3219 revolutaque
646 3169 729 3220 pensa.
