2334 3734
211 555 259 605 278
433 558 461 605 P.
477 555 614 606 VlllGlLll
631 559 783 608 MARONIS

212 687 265 734 Hac
274 681 326 733 vice
336 698 477 734 sermonum
484 685 564 735 roseis
574 688 673 735 Aurora
684 687 805 748 quadrigis

151 793 154 798 ·
210 775 267 824 Jam
280 772 386 821 medium
396 773 497 823 etherio
507 788 580 822 cursu
591 777 719 835 trajecerat
729 790 815 825 mem:

209 863 242 909 Et
254 862 304 909 fors
321 876 394 909 omne
410 861 492 910 datum
503 864 629 912 traherent
639 879 681 926 per
693 864 752 912 talia
762 872 856 926 tempus
870 884 878 926 3

208 943 256 992 Sed
266 957 347 991 comes
358 943 494 1012 admonuit,
505 944 655 1006 breviterque
666 947 746 994 adfata
756 947 849 1010 Sibylla
858 955 909 996 ert:
1036 993 1040 1002 ,

208 1033 266 1080 Nox
277 1031 336 1091 ruit,
347 1033 442 1093 AEnea;
460 1046 504 1079 nos
515 1032 595 1080 flendo
607 1032 716 1081 ducimus
728 1034 809 1082 horas.

208 1119 254 1168 Hic
265 1121 332 1169 locus
348 1128 395 1179 est,
407 1120 482 1183 partis
493 1120 534 1168 nbi
546 1135 572 1168 se
582 1120 621 1168 via
633 1121 704 1168 findit
714 1121 739 1169 in
751 1123 847 1170 amhae:

205 1210 322 1270 Dextera,
333 1224 386 1271 quae
398 1209 461 1257 Ditis
472 1209 553 1278 magni
561 1211 611 1283 sub.
619 1209 710 1258 moeuia
720 1210 797 1259 tendit
807 1231 815 1272 3

206 1299 258 1346 Hac
268 1298 315 1347 iter
325 1298 434 1360 Elysium
445 1299 530 1359 nobis3
547 1290 574 1347 at
583 1301 644 1348 laeva
654 1299 775 1349 malorum

204 1387 309 1436 Exercet
318 1401 414 1450 poenas,
425 1387 490 1435 etad
501 1387 568 1450 inpia
577 1390 682 1436 Tartara
691 1387 774 1436 mittit.

203 1476 344 1538 Deiphobus
355 1483 456 1537 contra,
474 1477 512 1523 Ne
523 1475 591 1534 saevi,
603 1489 690 1536 magna
700 1476 825 1537 sacerdos3

202 1564 340 1622 Discedam,
352 1565 453 1627 explebo
464 1579 604 1624 numerum,
614 1564 746 1625 reddarque
757 1563 871 1613 tenebris.

99 1675 104 1683 ·
202 1655 213 1702 l
224 1653 306 1714 decus,
315 1654 334 1713 i,
345 1661 472 1714 nostrum3
490 1653 631 1701 melioribus
641 1659 710 1701 utere
721 1652 787 1701 satist

201 1743 308 1800 Tantum
320 1741 415 1800 etiams,
428 1740 488 1789 etin
499 1742 573 1788 verbo
585 1741 684 1802 vestigia
694 1739 774 1788 torsit

105 1807 109 1815 ⁴
162 1836 168 1854 ¹
232 1832 338 1895 Respicit
348 1833 438 1880 AEneas
449 1831 539 1890 subito,
550 1839 575 1879 et
584 1831 630 1878 sub
641 1845 700 1892 rupe
710 1830 810 1878 sinistra

200 1920 294 1969 Moenia
305 1920 355 1967 lata
364 1917 439 1977 videt,
450 1917 541 1980 triplici
551 1917 699 1965 circumdata
709 1913 795 1964 muro:

199 2009 259 2061 Quae
270 2006 367 2069 rapidus
379 2005 483 2054 flammis
494 2006 571 2053 ambit
581 2005 730 2054 torrentibus
741 2004 822 2054 amnia

196 2097 327 2145 Tartareus
339 2094 498 2154 Phlegethon,
509 2102 652 2156 torquetque
664 2094 777 2144 sonantia
787 2108 853 2142 saxa

126 2246 128 2251 Ι
197 2187 271 2233 Porta
282 2183 391 2244 adversa,
403 2183 498 2244 iugens,
509 2184 636 2245 solidoque
647 2185 774 2233 momente
785 2185 917 2232 columne:

195 2272 239 2322 Vis
249 2280 277 2320 ut
288 2273 356 2320 nulla
366 2272 457 2330 virum,
470 2286 520 2320 non
533 2272 579 2334 ipsi
590 2273 731 2321 exscindere
742 2273 807 2321 ferro

196 2361 319 2410 Coelicolre
330 2362 434 2408 valeant.
467 2362 521 2431 §tat
531 2361 612 2410 ferrea
622 2361 697 2410 turris
707 2361 737 2409 ad
744 2373 830 2422 auras3

193 2449 373 2512 Tisiphoneque
384 2450 480 2509 sedens,
491 2450 556 2512 palla
567 2449 687 2498 succincta
696 2456 806 2508 cruenta,

192 2539 346 2588 Vestibulum
356 2538 480 2587 exsomnis
491 2548 571 2586 servat
581 2547 711 2598 noctesque
722 2537 830 2599 diesque.
857 2549 859 2558 ·

194 2627 259 2676 Hinc
269 2628 380 2676 exaudiri
391 2627 505 2688 gemitus,
516 2635 543 2674 et
552 2641 615 2675 saeva
625 2640 711 2674 sonare

192 2717 311 2764 Verbera:
329 2723 381 2763 tum
393 2714 483 2761 stridor
494 2714 563 2771 ferri,
575 2721 705 2775 tractaeque
714 2721 813 2762 catenae.

193 2803 309 2853 Constitit
319 2805 420 2860 AEneas,
431 2802 605 2864 strepitumque
616 2803 745 2852 exterritus
756 2803 846 2853 hausit.

191 2893 252 2946 Qun
263 2893 382 2940 scelerum
393 2891 484 2940 iacies?
503 2906 518 2939 ο
529 2891 608 2952 virgo,
620 2892 707 2953 eiiare3
724 2891 840 2953 quibtuve

190 2981 333 3041 Urguentur
341 2979 438 3041 poenis?
457 2980 499 3040 qni
508 2986 591 3027 tantus
603 2980 704 3041 plangor
712 2979 742 3028 ad
753 2982 842 3028 auras?

186 3070 252 3117 'lum
263 3075 328 3116 vates
340 3066 374 3115 sic
385 3081 442 3116 orsa
452 3067 533 3129 loqui:
551 3069 610 3115 Dux
621 3067 712 3117 inclute
723 3071 856 3128 Teucrum,

189 3155 259 3205 Nulli
271 3155 307 3204 ius
319 3161 386 3204 emto
396 3156 539 3204 meletatum
550 3154 663 3205 insistere
672 3155 747 3204 limen
757 3175 765 3217 3
