2334 3734
220 514 268 566 ³98
444 518 472 565 Ρ.
489 514 627 565 VIRGlLll
645 516 799 567 Mnuonrs

221 642 342 703 Prodidit,
351 648 394 693 aut
405 656 471 693 vanu
482 652 575 693 vertere
586 659 619 693 ex
628 644 739 693 hortibus
750 645 861 705 umbroe3

219 732 273 793 Ipse
284 731 344 780 rotis
355 732 444 781 saliens
453 734 511 793 juga
522 733 621 787 deseris,
656 735 714 781 llaec
725 734 760 781 ita
768 732 832 781 rann

219 820 333 883 Adripuit
343 822 447 883 bijugos.
480 823 565 871 Frater
576 822 691 882 tendebat
700 821 807 871 inermen

220 908 310 956 Infelix
320 910 423 971 palmae,
434 922 508 957 curru
518 910 633 958 delabens
642 910 744 978 eodem:

220 997 267 1045 Per
278 1004 313 1057 te,
324 998 419 1075 perqui
431 1006 455 1047 te
467 1000 541 1047 talem
553 1014 659 1060 genuere
669 1007 791 1061 parentes,

219 1085 263 1134 Vir
274 1088 391 1147 Troiane,
402 1087 455 1135 uine
466 1087 529 1135 banc
540 1088 658 1148 animam,
670 1096 696 1136 et
706 1089 821 1137 miserere
832 1089 961 1151 precantis.

219 1173 333 1223 Pluribus
345 1175 424 1224 oranti
436 1176 527 1223 AEneas
535 1195 544 1237 z¹
561 1176 634 1223 Haud
645 1176 703 1224 talia
713 1176 807 1224 dudum
985 1169 990 1173 ’

219 1262 291 1313 Dicta
301 1264 383 1313 dabas.
414 1267 525 1326 Morere,
537 1276 562 1313 et
573 1268 673 1313 fratrem
684 1280 715 1313 nc
725 1266 810 1314 desere
820 1266 906 1315 frater.

219 1355 284 1402 Tum
295 1355 400 1403 latebrae
412 1356 509 1416 anime,
522 1362 616 1418 pectus,
628 1369 745 1403 mucrone
756 1355 867 1405 recludit.

219 1443 291 1491 Talia
300 1458 343 1507 per
353 1458 450 1507 campos
462 1444 548 1493 edebat
558 1445 646 1493 lunera
655 1445 743 1493 ductor

220 1532 367 1594 Dardanius,
378 1534 495 1581 torrentis
506 1547 574 1595 aquae
584 1535 623 1581 rel
635 1534 739 1582 turbinis
750 1533 797 1583 atri

220 1623 292 1670 More
303 1623 395 1679 furens,
427 1623 537 1671 Tandem
548 1630 690 1686 erumpunt,
701 1630 726 1671 et
736 1631 815 1672 caetra
825 1622 967 1685 relinquunt

220 1708 339 1759 Ascanius
350 1724 410 1773 puer
420 1718 445 1759 et
457 1711 620 1773 nequidquam
631 1712 730 1760 obsessa
738 1714 860 1772 juventu.

252 1798 267 1845 J
270 1778 376 1869 unonem
388 1798 483 1847 interea
490 1800 614 1861 conpellat
624 1801 639 1848 J
643 1799 737 1862 uppiter
748 1801 829 1848 ulmo:

221 1884 244 1933 0
255 1898 368 1945 germana
379 1886 439 1933 mihi
451 1895 522 1948 atque
533 1888 618 1936 eadem
628 1888 765 1949 gratissima
775 1891 894 1951 conjunx,

221 1972 257 2020 Ut
267 1974 361 2032 rebare,
372 1976 454 2022 Venus
470 1975 525 2037 (nec
536 1982 560 2022 te
572 1976 692 2024 sententia
703 1975 776 2038 fallit)

220 2060 339 2118 'libianae
352 2068 471 2109 sustentat
482 2076 557 2125 opes;
574 2077 624 2111 non
636 2064 714 2112 vivida
724 2066 791 2114 bello

220 2148 312 2195 Dextra
321 2148 389 2208 viris,
399 2149 541 2212 animusque
552 2152 632 2212 ferox,
644 2153 785 2215 patiensque
795 2154 887 2217 pericli.

221 2235 267 2284 Cui
277 2238 345 2285 luno
354 2223 486 2287 submissa}
505 2240 580 2302 Quid,
592 2255 607 2287 ο
620 2241 766 2303 pulcerrime
776 2245 894 2305 conjunx,

221 2325 342 2374 sollicitae
353 2340 453 2387 oegram,
465 2336 491 2376 et
500 2336 543 2375 tua
552 2328 633 2377 tristia
643 2330 708 2378 dieta
717 2332 842 2381 timentem
853 2335 863 2379 ἓ

220 2414 246 2463 Si
259 2414 329 2476 mihi,
342 2432 394 2478 quae
406 2419 527 2479 quondam
539 2420 628 2480 fuerat,
640 2435 760 2483 quamque
768 2422 822 2471 ease
832 2407 941 2486 decebat,

219 2502 262 2551 Vis
274 2503 300 2551 in
312 2518 395 2553 amore
406 2506 485 2555 foret:
504 2521 553 2555 non
565 2507 612 2556 hoc
623 2509 683 2557 mihi
694 2524 799 2572 namque
810 2522 921 2573 negares,

220 2591 391 2654 Omnipotens,
404 2594 461 2655 quin
473 2602 497 2643 et
507 2610 593 2656 pugnae
604 2598 735 2647 subducere
745 2602 869 2661 hunum,

218 2682 251 2748 Et
261 2682 348 2729 Dauno
359 2696 455 2743 possem
467 2684 615 2734 incolumem
627 2704 723 2737 servare
733 2691 835 2753 parenti.

219 2770 291 2817 Nrmc
301 2779 393 2831 pereat,
403 2772 551 2835 Teucrisque
561 2776 602 2838 pio
613 2777 656 2826 det
665 2780 780 2839 sanguine
791 2794 884 2843 poenas.

219 2858 264 2905 Ille
275 2865 356 2908 tamen
367 2869 450 2909 nostra
460 2861 556 2912 deducit
566 2865 661 2927 origine
671 2883 772 2929 nomen,

218 2946 393 3011 Pilumnusque
403 2950 440 2999 illi
451 2962 550 3014 quartus
561 2937 629 3018 pater
638 2977 647 3019 3
663 2966 689 3007 et
699 2967 742 3007 tua
752 2960 820 3021 larga

217 3036 285 3096 Soepe
296 3050 370 3085 manu
381 3040 511 3102 multisque
522 3046 634 3093 oneravit
642 3046 728 3096 limina
738 3048 817 3099 donis.

217 3121 262 3168 Cui
274 3137 317 3169 rex
328 3126 422 3173 aetlrerii
433 3128 539 3178 breviter
548 3132 582 3179 sic
594 3133 658 3181 fatur
670 3135 785 3199 Olympi:
