<?xml version="1.0" encoding="UTF-8"?>
<!DOCTYPE html PUBLIC "-//W3C//DTD XHTML 1.0 Transitional//EN"
    "http://www.w3.org/TR/xhtml1/DTD/xhtml1-transitional.dtd">
<html xmlns="http://www.w3.org/1999/xhtml" xml:lang="en" lang="en">
 <head>
  <title>
</title>
<meta http-equiv="Content-Type" content="text/html;charset=utf-8" />
  <meta name='ocr-system' content='tesseract 3.04.00' />
  <meta name='ocr-capabilities' content='ocr_page ocr_carea ocr_par ocr_line ocrx_word'/>
</head>
<body>
  <div class='ocr_page' id='page_1' title='image "./publiivirgiliim00heyngoog/publiivirgiliim00heyngoog_0278.png"; bbox 0 0 2334 3734; ppageno 0'>
   <div class='ocr_carea' id='block_1_1' title="bbox 194 520 779 576">
    <p class='ocr_par' dir='ltr' id='par_1_1' title="bbox 194 520 779 576">
     <span class='ocr_line' id='line_1_1' title="bbox 194 520 779 576; baseline 0.007 -7"><span class='ocrx_word' id='word_1_1' title='bbox 194 520 243 573; x_wconf 80' lang='lat'><strong>266</strong></span> <span class='ocrx_word' id='word_1_2' title='bbox 428 524 454 574; x_wconf 90' lang='grc' dir='ltr'><strong>Ρ.</strong></span> <span class='ocrx_word' id='word_1_3' title='bbox 470 525 609 576; x_wconf 81' lang='lat' dir='ltr'><strong>VlRGlLll</strong></span> <span class='ocrx_word' id='word_1_4' title='bbox 625 525 779 575; x_wconf 81' lang='lat' dir='ltr'><strong>MARONlS</strong></span> 
     </span>
    </p>
   </div>
   <div class='ocr_carea' id='block_1_2' title="bbox 133 642 935 3225">
    <p class='ocr_par' dir='ltr' id='par_1_2' title="bbox 133 642 935 3225">
     <span class='ocr_line' id='line_1_2' title="bbox 204 642 773 706; baseline -0.004 -1"><span class='ocrx_word' id='word_1_5' title='bbox 204 656 232 706; x_wconf 88' lang='lat' dir='ltr'><strong>Si</strong></span> <span class='ocrx_word' id='word_1_6' title='bbox 244 670 309 704; x_wconf 90' lang='lat' dir='ltr'><strong>nunc</strong></span> <span class='ocrx_word' id='word_1_7' title='bbox 321 668 347 703; x_wconf 89' lang='lat' dir='ltr'><strong>se</strong></span> <span class='ocrx_word' id='word_1_8' title='bbox 357 654 429 703; x_wconf 76' lang='lat' dir='ltr'><strong>nobis</strong></span> <span class='ocrx_word' id='word_1_9' title='bbox 439 654 482 703; x_wconf 91' lang='lat' dir='ltr'><strong>ille</strong></span> <span class='ocrx_word' id='word_1_10' title='bbox 493 643 580 705; x_wconf 82' lang='lat' dir='ltr'><strong>aureus</strong></span> <span class='ocrx_word' id='word_1_11' title='bbox 592 642 678 705; x_wconf 87' lang='lat' dir='ltr'><strong>arbore</strong></span> <span class='ocrx_word' id='word_1_12' title='bbox 689 668 773 703; x_wconf 86' lang='lat' dir='ltr'><strong>ramus</strong></span> 
     </span>
     <span class='ocr_line' id='line_1_3' title="bbox 206 744 929 808; baseline -0.007 -12"><span class='ocrx_word' id='word_1_13' title='bbox 206 746 327 797; x_wconf 80' lang='lat' dir='ltr'><strong>Ostendat</strong></span> <span class='ocrx_word' id='word_1_14' title='bbox 337 760 437 795; x_wconf 89' lang='lat' dir='ltr'><strong>nemore</strong></span> <span class='ocrx_word' id='word_1_15' title='bbox 449 746 570 804; x_wconf 86' lang='lat' dir='ltr'><strong>intanto!</strong></span> <span class='ocrx_word' id='word_1_16' title='bbox 590 746 687 808; x_wconf 86' lang='lat' dir='ltr'><strong>quando</strong></span> <span class='ocrx_word' id='word_1_17' title='bbox 697 744 781 794; x_wconf 86' lang='lat' dir='ltr'><strong>omnia</strong></span> <span class='ocrx_word' id='word_1_18' title='bbox 790 758 846 793; x_wconf 83' lang='lat' dir='ltr'><strong>rere</strong></span> <span class='ocrx_word' id='word_1_19' title='bbox 926 797 929 806; x_wconf 40' lang='lat'><strong><em>¹</em></strong></span> 
     </span>
     <span class='ocr_line' id='line_1_4' title="bbox 206 836 808 896; baseline -0.005 -10"><span class='ocrx_word' id='word_1_20' title='bbox 206 837 261 886; x_wconf 87' lang='lat' dir='ltr'><strong>Heu</strong></span> <span class='ocrx_word' id='word_1_21' title='bbox 272 836 375 884; x_wconf 90' lang='lat' dir='ltr'><strong>nimium</strong></span> <span class='ocrx_word' id='word_1_22' title='bbox 387 836 417 885; x_wconf 92' lang='lat' dir='ltr'><strong>de</strong></span> <span class='ocrx_word' id='word_1_23' title='bbox 428 846 452 886; x_wconf 90' lang='lat' dir='ltr'><strong>te</strong></span> <span class='ocrx_word' id='word_1_24' title='bbox 463 845 538 895; x_wconf 86' lang='lat' dir='ltr'><strong>vates,</strong></span> <span class='ocrx_word' id='word_1_25' title='bbox 553 836 658 896; x_wconf 88' lang='lat' dir='ltr'><strong>Misene,</strong></span> <span class='ocrx_word' id='word_1_26' title='bbox 670 837 753 884; x_wconf 87' lang='lat' dir='ltr'><strong>locuta</strong></span> <span class='ocrx_word' id='word_1_27' title='bbox 763 842 808 883; x_wconf 86' lang='lat' dir='ltr'><strong>est.</strong></span> 
     </span>
     <span class='ocr_line' id='line_1_5' title="bbox 205 924 909 989; baseline -0.003 -14"><span class='ocrx_word' id='word_1_28' title='bbox 205 927 254 975; x_wconf 84' lang='lat' dir='ltr'><strong>Vix</strong></span> <span class='ocrx_word' id='word_1_29' title='bbox 265 941 294 976; x_wconf 83' lang='lat' dir='ltr'><strong>ea</strong></span> <span class='ocrx_word' id='word_1_30' title='bbox 305 928 369 975; x_wconf 87' lang='lat' dir='ltr'><strong>fatus</strong></span> <span class='ocrx_word' id='word_1_31' title='bbox 380 936 443 987; x_wconf 85' lang='lat' dir='ltr'><strong>erat,</strong></span> <span class='ocrx_word' id='word_1_32' title='bbox 455 928 556 987; x_wconf 70' lang='lat' dir='ltr'><strong>geminae</strong></span> <span class='ocrx_word' id='word_1_33' title='bbox 567 941 642 989; x_wconf 89' lang='lat' dir='ltr'><strong>quum</strong></span> <span class='ocrx_word' id='word_1_34' title='bbox 655 926 719 974; x_wconf 87' lang='lat' dir='ltr'><strong>forte</strong></span> <span class='ocrx_word' id='word_1_35' title='bbox 730 924 849 974; x_wconf 74' lang='lat' dir='ltr'><strong>columbe</strong></span> <span class='ocrx_word' id='word_1_36' title='bbox 905 930 909 933; x_wconf 81' lang='grc'><strong>’</strong></span> 
     </span>
     <span class='ocr_line' id='line_1_6' title="bbox 207 1017 735 1079; baseline 0 -15"><span class='ocrx_word' id='word_1_37' title='bbox 207 1017 263 1079; x_wconf 84' lang='lat' dir='ltr'><strong>Ipsa</strong></span> <span class='ocrx_word' id='word_1_38' title='bbox 274 1019 318 1065; x_wconf 85' lang='lat' dir='ltr'><strong>tub</strong></span> <span class='ocrx_word' id='word_1_39' title='bbox 330 1031 373 1064; x_wconf 87' lang='lat' dir='ltr'><strong>ora</strong></span> <span class='ocrx_word' id='word_1_40' title='bbox 385 1017 430 1064; x_wconf 82' lang='lat' dir='ltr'><strong>viri</strong></span> <span class='ocrx_word' id='word_1_41' title='bbox 440 1018 504 1065; x_wconf 63' lang='lat' dir='ltr'><strong>coslo</strong></span> <span class='ocrx_word' id='word_1_42' title='bbox 516 1030 604 1065; x_wconf 85' lang='lat' dir='ltr'><strong>venere</strong></span> <span class='ocrx_word' id='word_1_43' title='bbox 611 1018 735 1074; x_wconf 81' lang='lat' dir='ltr'><strong>volantes,</strong></span> 
     </span>
     <span class='ocr_line' id='line_1_7' title="bbox 207 1103 839 1154; baseline -0.003 -2"><span class='ocrx_word' id='word_1_44' title='bbox 207 1106 241 1153; x_wconf 87' lang='lat' dir='ltr'><strong>Et</strong></span> <span class='ocrx_word' id='word_1_45' title='bbox 249 1103 321 1153; x_wconf 87' lang='lat' dir='ltr'><strong>viridi</strong></span> <span class='ocrx_word' id='word_1_46' title='bbox 332 1106 416 1154; x_wconf 78' lang='lat' dir='ltr'><strong>sedere</strong></span> <span class='ocrx_word' id='word_1_47' title='bbox 427 1107 490 1154; x_wconf 88' lang='lat' dir='ltr'><strong>solo.</strong></span> <span class='ocrx_word' id='word_1_48' title='bbox 522 1107 587 1153; x_wconf 80' lang='lat' dir='ltr'><strong>&#39;l&#39;um</strong></span> <span class='ocrx_word' id='word_1_49' title='bbox 600 1117 730 1152; x_wconf 86' lang='lat' dir='ltr'><strong>maxumus</strong></span> <span class='ocrx_word' id='word_1_50' title='bbox 741 1103 813 1151; x_wconf 87' lang='lat' dir='ltr'><strong>heros</strong></span> <span class='ocrx_word' id='word_1_51' title='bbox 837 1103 839 1106; x_wconf 82' lang='grc'><strong>’</strong></span> 
     </span>
     <span class='ocr_line' id='line_1_8' title="bbox 133 1193 809 1256; baseline -0.003 -15"><span class='ocrx_word' id='word_1_52' title='bbox 133 1212 135 1217; x_wconf 96' lang='grc'><strong><em>·</em></strong></span> <span class='ocrx_word' id='word_1_53' title='bbox 209 1194 333 1242; x_wconf 79' lang='lat' dir='ltr'><strong>Maternae</strong></span> <span class='ocrx_word' id='word_1_54' title='bbox 345 1194 470 1255; x_wconf 78' lang='lat' dir='ltr'><strong>adgnoscit</strong></span> <span class='ocrx_word' id='word_1_55' title='bbox 479 1193 540 1253; x_wconf 80' lang='lat' dir='ltr'><strong>uvis,</strong></span> <span class='ocrx_word' id='word_1_56' title='bbox 552 1195 671 1255; x_wconf 74' lang='lat' dir='ltr'><strong>letusque</strong></span> <span class='ocrx_word' id='word_1_57' title='bbox 682 1199 809 1256; x_wconf 82' lang='lat' dir='ltr'><strong>precatur:</strong></span> 
     </span>
     <span class='ocr_line' id='line_1_9' title="bbox 209 1282 895 1344; baseline -0.001 -14"><span class='ocrx_word' id='word_1_58' title='bbox 209 1282 268 1330; x_wconf 83' lang='lat' dir='ltr'><strong>Este</strong></span> <span class='ocrx_word' id='word_1_59' title='bbox 279 1283 361 1341; x_wconf 84' lang='lat' dir='ltr'><strong>duces,</strong></span> <span class='ocrx_word' id='word_1_60' title='bbox 374 1297 400 1342; x_wconf 89' lang='lat' dir='ltr'><strong>o,</strong></span> <span class='ocrx_word' id='word_1_61' title='bbox 412 1282 433 1331; x_wconf 90' lang='lat' dir='ltr'><strong>si</strong></span> <span class='ocrx_word' id='word_1_62' title='bbox 446 1297 493 1344; x_wconf 87' lang='lat' dir='ltr'><strong>qua</strong></span> <span class='ocrx_word' id='word_1_63' title='bbox 502 1283 542 1330; x_wconf 85' lang='lat' dir='ltr'><strong>vin</strong></span> <span class='ocrx_word' id='word_1_64' title='bbox 552 1290 599 1341; x_wconf 88' lang='lat' dir='ltr'><strong>est,</strong></span> <span class='ocrx_word' id='word_1_65' title='bbox 612 1295 758 1342; x_wconf 77' lang='lat' dir='ltr'><strong>cursumque</strong></span> <span class='ocrx_word' id='word_1_66' title='bbox 769 1295 813 1343; x_wconf 87' lang='lat' dir='ltr'><strong>per</strong></span> <span class='ocrx_word' id='word_1_67' title='bbox 823 1292 895 1329; x_wconf 80' lang='lat' dir='ltr'><strong>auras</strong></span> 
     </span>
     <span class='ocr_line' id='line_1_10' title="bbox 210 1370 794 1436; baseline -0.003 -17"><span class='ocrx_word' id='word_1_68' title='bbox 210 1370 314 1432; x_wconf 85' lang='lat' dir='ltr'><strong>Dirigite</strong></span> <span class='ocrx_word' id='word_1_69' title='bbox 325 1372 350 1420; x_wconf 91' lang='lat' dir='ltr'><strong>in</strong></span> <span class='ocrx_word' id='word_1_70' title='bbox 362 1374 440 1431; x_wconf 89' lang='lat' dir='ltr'><strong>lucos,</strong></span> <span class='ocrx_word' id='word_1_71' title='bbox 452 1373 492 1421; x_wconf 87' lang='lat' dir='ltr'><strong>nbi</strong></span> <span class='ocrx_word' id='word_1_72' title='bbox 504 1372 619 1436; x_wconf 76' lang='lat' dir='ltr'><strong>pinguem</strong></span> <span class='ocrx_word' id='word_1_73' title='bbox 630 1372 697 1420; x_wconf 82' lang='lat' dir='ltr'><strong>dives</strong></span> <span class='ocrx_word' id='word_1_74' title='bbox 708 1377 794 1433; x_wconf 86' lang='lat' dir='ltr'><strong>opacat</strong></span> 
     </span>
     <span class='ocr_line' id='line_1_11' title="bbox 211 1458 907 1523; baseline -0.004 -14"><span class='ocrx_word' id='word_1_75' title='bbox 211 1462 302 1510; x_wconf 79' lang='lat' dir='ltr'><strong>Romus</strong></span> <span class='ocrx_word' id='word_1_76' title='bbox 312 1462 424 1511; x_wconf 88' lang='lat' dir='ltr'><strong>humum.</strong></span> <span class='ocrx_word' id='word_1_77' title='bbox 457 1465 553 1523; x_wconf 88' lang='lat' dir='ltr'><strong>Tuque,</strong></span> <span class='ocrx_word' id='word_1_78' title='bbox 566 1477 592 1519; x_wconf 92' lang='lat'><strong>0,</strong></span> <span class='ocrx_word' id='word_1_79' title='bbox 605 1461 684 1509; x_wconf 86' lang='lat' dir='ltr'><strong>dubiis</strong></span> <span class='ocrx_word' id='word_1_80' title='bbox 695 1474 727 1508; x_wconf 89' lang='lat' dir='ltr'><strong>ne</strong></span> <span class='ocrx_word' id='word_1_81' title='bbox 737 1459 813 1508; x_wconf 86' lang='lat' dir='ltr'><strong>defice</strong></span> <span class='ocrx_word' id='word_1_82' title='bbox 824 1458 907 1519; x_wconf 80' lang='lat' dir='ltr'><strong>rebus,</strong></span> 
     </span>
     <span class='ocr_line' id='line_1_12' title="bbox 213 1550 778 1615; baseline 0 -16"><span class='ocrx_word' id='word_1_83' title='bbox 213 1550 275 1599; x_wconf 86' lang='lat' dir='ltr'><strong>Diva</strong></span> <span class='ocrx_word' id='word_1_84' title='bbox 284 1566 380 1615; x_wconf 84' lang='lat' dir='ltr'><strong>parens.</strong></span> <span class='ocrx_word' id='word_1_85' title='bbox 414 1552 454 1601; x_wconf 85' lang='lat' dir='ltr'><strong>Sic</strong></span> <span class='ocrx_word' id='word_1_86' title='bbox 466 1554 551 1601; x_wconf 76' lang='lat' dir='ltr'><strong>effatus</strong></span> <span class='ocrx_word' id='word_1_87' title='bbox 561 1552 662 1612; x_wconf 82' lang='lat' dir='ltr'><strong>vestigia</strong></span> <span class='ocrx_word' id='word_1_88' title='bbox 673 1550 778 1613; x_wconf 82' lang='lat' dir='ltr'><strong>pressit3</strong></span> 
     </span>
     <span class='ocr_line' id='line_1_13' title="bbox 214 1639 935 1706; baseline -0.003 -17"><span class='ocrx_word' id='word_1_89' title='bbox 214 1639 352 1691; x_wconf 81' lang='lat' dir='ltr'><strong>Observans</strong></span> <span class='ocrx_word' id='word_1_90' title='bbox 365 1656 418 1703; x_wconf 88' lang='lat' dir='ltr'><strong>quae</strong></span> <span class='ocrx_word' id='word_1_91' title='bbox 430 1642 499 1703; x_wconf 80' lang='lat' dir='ltr'><strong>signa</strong></span> <span class='ocrx_word' id='word_1_92' title='bbox 510 1643 600 1701; x_wconf 86' lang='lat' dir='ltr'><strong>ferant,</strong></span> <span class='ocrx_word' id='word_1_93' title='bbox 613 1656 661 1704; x_wconf 90' lang='lat' dir='ltr'><strong>quo</strong></span> <span class='ocrx_word' id='word_1_94' title='bbox 671 1640 770 1689; x_wconf 84' lang='lat' dir='ltr'><strong>tendere</strong></span> <span class='ocrx_word' id='word_1_95' title='bbox 781 1646 889 1702; x_wconf 84' lang='lat' dir='ltr'><strong>pergant.</strong></span> <span class='ocrx_word' id='word_1_96' title='bbox 930 1702 935 1706; x_wconf 84' lang='lat'>.</span> 
     </span>
     <span class='ocr_line' id='line_1_14' title="bbox 214 1730 746 1799; baseline -0.004 -18"><span class='ocrx_word' id='word_1_97' title='bbox 214 1734 343 1781; x_wconf 72' lang='lat' dir='ltr'><strong>Pascentes</strong></span> <span class='ocrx_word' id='word_1_98' title='bbox 355 1730 404 1781; x_wconf 86' lang='lat' dir='ltr'><strong>illae</strong></span> <span class='ocrx_word' id='word_1_99' title='bbox 415 1740 511 1783; x_wconf 75' lang='lat' dir='ltr'><strong>tanturm</strong></span> <span class='ocrx_word' id='word_1_100' title='bbox 523 1734 621 1799; x_wconf 87' lang='lat' dir='ltr'><strong>prodire</strong></span> <span class='ocrx_word' id='word_1_101' title='bbox 633 1731 746 1791; x_wconf 86' lang='lat' dir='ltr'><strong>volando,</strong></span> 
     </span>
     <span class='ocr_line' id='line_1_15' title="bbox 214 1822 857 1886; baseline -0.002 -16"><span class='ocrx_word' id='word_1_102' title='bbox 214 1822 340 1875; x_wconf 83' lang='lat' dir='ltr'><strong>Quantum</strong></span> <span class='ocrx_word' id='word_1_103' title='bbox 352 1822 403 1871; x_wconf 85' lang='lat' dir='ltr'><strong>acie</strong></span> <span class='ocrx_word' id='word_1_104' title='bbox 415 1833 513 1886; x_wconf 88' lang='lat' dir='ltr'><strong>possent</strong></span> <span class='ocrx_word' id='word_1_105' title='bbox 523 1824 587 1873; x_wconf 91' lang='lat' dir='ltr'><strong>oculi</strong></span> <span class='ocrx_word' id='word_1_106' title='bbox 598 1836 693 1872; x_wconf 80' lang='lat' dir='ltr'><strong>servare</strong></span> <span class='ocrx_word' id='word_1_107' title='bbox 704 1827 857 1883; x_wconf 88' lang='lat' dir='ltr'><strong>sequentum.</strong></span> 
     </span>
     <span class='ocr_line' id='line_1_16' title="bbox 215 1910 854 1981; baseline -0.002 -23"><span class='ocrx_word' id='word_1_108' title='bbox 215 1910 284 1971; x_wconf 90' lang='lat' dir='ltr'><strong>lnde,</strong></span> <span class='ocrx_word' id='word_1_109' title='bbox 296 1911 338 1959; x_wconf 90' lang='lat' dir='ltr'><strong>ubi</strong></span> <span class='ocrx_word' id='word_1_110' title='bbox 349 1926 436 1961; x_wconf 88' lang='lat' dir='ltr'><strong>venere</strong></span> <span class='ocrx_word' id='word_1_111' title='bbox 447 1914 477 1961; x_wconf 89' lang='lat' dir='ltr'><strong>ad</strong></span> <span class='ocrx_word' id='word_1_112' title='bbox 489 1914 569 1963; x_wconf 82' lang='lat' dir='ltr'><strong>fauces</strong></span> <span class='ocrx_word' id='word_1_113' title='bbox 581 1911 740 1981; x_wconf 81' lang='lat' dir='ltr'><strong>graveolentis</strong></span> <span class='ocrx_word' id='word_1_114' title='bbox 752 1910 854 1971; x_wconf 77' lang='lat' dir='ltr'><strong>Averni,</strong></span> 
     </span>
     <span class='ocr_line' id='line_1_17' title="bbox 214 2000 863 2065; baseline 0 -16"><span class='ocrx_word' id='word_1_115' title='bbox 214 2000 318 2049; x_wconf 79' lang='lat' dir='ltr'><strong>Tollunt</strong></span> <span class='ocrx_word' id='word_1_116' title='bbox 329 2015 355 2049; x_wconf 88' lang='lat' dir='ltr'><strong>se</strong></span> <span class='ocrx_word' id='word_1_117' title='bbox 366 2003 456 2050; x_wconf 82' lang='lat' dir='ltr'><strong>celeres</strong></span> <span class='ocrx_word' id='word_1_118' title='bbox 466 2023 473 2065; x_wconf 69' lang='grc' dir='ltr'><strong>ς</strong></span> <span class='ocrx_word' id='word_1_119' title='bbox 491 2003 658 2065; x_wconf 85' lang='lat' dir='ltr'><strong>liquidumque</strong></span> <span class='ocrx_word' id='word_1_120' title='bbox 669 2015 712 2062; x_wconf 91' lang='lat' dir='ltr'><strong>per</strong></span> <span class='ocrx_word' id='word_1_121' title='bbox 722 2013 780 2049; x_wconf 86' lang='lat' dir='ltr'><strong>aera</strong></span> <span class='ocrx_word' id='word_1_122' title='bbox 788 2000 863 2049; x_wconf 83' lang='lat' dir='ltr'><strong>labsae</strong></span> 
     </span>
     <span class='ocr_line' id='line_1_18' title="bbox 217 2088 822 2153; baseline 0 -17"><span class='ocrx_word' id='word_1_123' title='bbox 217 2088 319 2137; x_wconf 84' lang='lat' dir='ltr'><strong>Sedibus</strong></span> <span class='ocrx_word' id='word_1_124' title='bbox 331 2091 419 2152; x_wconf 89' lang='lat' dir='ltr'><strong>optatis</strong></span> <span class='ocrx_word' id='word_1_125' title='bbox 431 2092 534 2153; x_wconf 86' lang='lat' dir='ltr'><strong>geminae</strong></span> <span class='ocrx_word' id='word_1_126' title='bbox 546 2106 619 2153; x_wconf 87' lang='lat' dir='ltr'><strong>super</strong></span> <span class='ocrx_word' id='word_1_127' title='bbox 629 2092 716 2138; x_wconf 86' lang='lat' dir='ltr'><strong>arbore</strong></span> <span class='ocrx_word' id='word_1_128' title='bbox 725 2088 822 2137; x_wconf 73' lang='lat' dir='ltr'><strong>siduutz</strong></span> 
     </span>
     <span class='ocr_line' id='line_1_19' title="bbox 220 2178 808 2245; baseline 0 -19"><span class='ocrx_word' id='word_1_129' title='bbox 220 2178 335 2228; x_wconf 82' lang='lat' dir='ltr'><strong>Discolor</strong></span> <span class='ocrx_word' id='word_1_130' title='bbox 346 2181 410 2229; x_wconf 88' lang='lat' dir='ltr'><strong>unde</strong></span> <span class='ocrx_word' id='word_1_131' title='bbox 422 2183 474 2230; x_wconf 85' lang='lat' dir='ltr'><strong>auri</strong></span> <span class='ocrx_word' id='word_1_132' title='bbox 487 2198 529 2245; x_wconf 88' lang='lat' dir='ltr'><strong>per</strong></span> <span class='ocrx_word' id='word_1_133' title='bbox 541 2195 623 2230; x_wconf 80' lang='lat' dir='ltr'><strong>remos</strong></span> <span class='ocrx_word' id='word_1_134' title='bbox 634 2194 694 2229; x_wconf 88' lang='lat' dir='ltr'><strong>aura</strong></span> <span class='ocrx_word' id='word_1_135' title='bbox 704 2178 808 2227; x_wconf 77' lang='lat' dir='ltr'><strong>refulsit.</strong></span> 
     </span>
     <span class='ocr_line' id='line_1_20' title="bbox 220 2270 772 2332; baseline -0.002 -15"><span class='ocrx_word' id='word_1_136' title='bbox 220 2270 298 2323; x_wconf 83' lang='lat' dir='ltr'><strong>Quale</strong></span> <span class='ocrx_word' id='word_1_137' title='bbox 309 2271 373 2319; x_wconf 86' lang='lat' dir='ltr'><strong>solet</strong></span> <span class='ocrx_word' id='word_1_138' title='bbox 382 2271 449 2319; x_wconf 88' lang='lat' dir='ltr'><strong>silvis</strong></span> <span class='ocrx_word' id='word_1_139' title='bbox 460 2271 669 2332; x_wconf 83' lang='lat' dir='ltr'><strong>brumaliirigore</strong></span> <span class='ocrx_word' id='word_1_140' title='bbox 678 2270 772 2317; x_wconf 88' lang='lat' dir='ltr'><strong>viscum</strong></span> 
     </span>
     <span class='ocr_line' id='line_1_21' title="bbox 184 2358 889 2429; baseline 0.001 -23"><span class='ocrx_word' id='word_1_141' title='bbox 184 2360 192 2375; x_wconf 93' lang='lat'>&#39;</span> <span class='ocrx_word' id='word_1_142' title='bbox 220 2358 315 2407; x_wconf 84' lang='lat' dir='ltr'><strong>Fronde</strong></span> <span class='ocrx_word' id='word_1_143' title='bbox 325 2359 404 2409; x_wconf 85' lang='lat' dir='ltr'><strong>virere</strong></span> <span class='ocrx_word' id='word_1_144' title='bbox 416 2376 488 2429; x_wconf 77' lang='lat' dir='ltr'><strong>nova,</strong></span> <span class='ocrx_word' id='word_1_145' title='bbox 500 2361 564 2424; x_wconf 89' lang='lat' dir='ltr'><strong>quod</strong></span> <span class='ocrx_word' id='word_1_146' title='bbox 575 2376 626 2409; x_wconf 88' lang='lat' dir='ltr'><strong>non</strong></span> <span class='ocrx_word' id='word_1_147' title='bbox 637 2374 681 2409; x_wconf 85' lang='lat' dir='ltr'><strong>sua</strong></span> <span class='ocrx_word' id='word_1_148' title='bbox 692 2359 796 2409; x_wconf 86' lang='lat' dir='ltr'><strong>seminat</strong></span> <span class='ocrx_word' id='word_1_149' title='bbox 806 2359 889 2417; x_wconf 85' lang='lat' dir='ltr'><strong>arbos,</strong></span> 
     </span>
     <span class='ocr_line' id='line_1_22' title="bbox 220 2448 788 2521; baseline 0.005 -26"><span class='ocrx_word' id='word_1_150' title='bbox 220 2448 253 2496; x_wconf 84' lang='lat' dir='ltr'><strong>Et</strong></span> <span class='ocrx_word' id='word_1_151' title='bbox 263 2462 349 2497; x_wconf 85' lang='lat' dir='ltr'><strong>croceo</strong></span> <span class='ocrx_word' id='word_1_152' title='bbox 361 2450 412 2499; x_wconf 87' lang='lat' dir='ltr'><strong>fetu</strong></span> <span class='ocrx_word' id='word_1_153' title='bbox 423 2451 506 2499; x_wconf 86' lang='lat' dir='ltr'><strong>teretis</strong></span> <span class='ocrx_word' id='word_1_154' title='bbox 517 2450 668 2499; x_wconf 84' lang='lat' dir='ltr'><strong>circumdare</strong></span> <span class='ocrx_word' id='word_1_155' title='bbox 679 2457 788 2521; x_wconf 67' lang='lat' dir='ltr'><strong>euneos.</strong></span> 
     </span>
     <span class='ocr_line' id='line_1_23' title="bbox 220 2537 750 2601; baseline 0.004 -17"><span class='ocrx_word' id='word_1_156' title='bbox 220 2537 288 2585; x_wconf 79' lang='lat' dir='ltr'><strong>Talis</strong></span> <span class='ocrx_word' id='word_1_157' title='bbox 300 2547 352 2587; x_wconf 89' lang='lat' dir='ltr'><strong>erat</strong></span> <span class='ocrx_word' id='word_1_158' title='bbox 363 2539 454 2601; x_wconf 87' lang='lat' dir='ltr'><strong>species</strong></span> <span class='ocrx_word' id='word_1_159' title='bbox 465 2540 517 2587; x_wconf 88' lang='lat' dir='ltr'><strong>auri</strong></span> <span class='ocrx_word' id='word_1_160' title='bbox 528 2538 665 2587; x_wconf 84' lang='lat' dir='ltr'><strong>frondentis</strong></span> <span class='ocrx_word' id='word_1_161' title='bbox 675 2552 750 2601; x_wconf 86' lang='lat' dir='ltr'><strong>opaca</strong></span> 
     </span>
     <span class='ocr_line' id='line_1_24' title="bbox 222 2625 756 2689; baseline 0.004 -16"><span class='ocrx_word' id='word_1_162' title='bbox 222 2625 281 2675; x_wconf 90' lang='lat' dir='ltr'><strong>llice</strong></span> <span class='ocrx_word' id='word_1_163' title='bbox 291 2647 299 2688; x_wconf 91' lang='lat'>;</span> <span class='ocrx_word' id='word_1_164' title='bbox 317 2626 351 2675; x_wconf 87' lang='lat' dir='ltr'><strong>sic</strong></span> <span class='ocrx_word' id='word_1_165' title='bbox 363 2626 413 2675; x_wconf 85' lang='lat' dir='ltr'><strong>leni</strong></span> <span class='ocrx_word' id='word_1_166' title='bbox 426 2628 558 2689; x_wconf 85' lang='lat' dir='ltr'><strong>crepitabat</strong></span> <span class='ocrx_word' id='word_1_167' title='bbox 568 2628 666 2676; x_wconf 83' lang='lat' dir='ltr'><strong>bractea</strong></span> <span class='ocrx_word' id='word_1_168' title='bbox 675 2635 756 2676; x_wconf 84' lang='lat' dir='ltr'><strong>rento.</strong></span> 
     </span>
     <span class='ocr_line' id='line_1_25' title="bbox 222 2714 843 2780; baseline 0.002 -17"><span class='ocrx_word' id='word_1_169' title='bbox 222 2714 335 2777; x_wconf 85' lang='lat' dir='ltr'><strong>Conripit</strong></span> <span class='ocrx_word' id='word_1_170' title='bbox 345 2716 434 2764; x_wconf 84' lang='lat' dir='ltr'><strong>AEness</strong></span> <span class='ocrx_word' id='word_1_171' title='bbox 445 2718 578 2780; x_wconf 86' lang='lat' dir='ltr'><strong>extemplo,</strong></span> <span class='ocrx_word' id='word_1_172' title='bbox 590 2717 720 2779; x_wconf 81' lang='lat' dir='ltr'><strong>avidusque</strong></span> <span class='ocrx_word' id='word_1_173' title='bbox 731 2716 843 2778; x_wconf 79' lang='lat' dir='ltr'><strong>refringit</strong></span> 
     </span>
     <span class='ocr_line' id='line_1_26' title="bbox 227 2802 849 2868; baseline 0.003 -17"><span class='ocrx_word' id='word_1_174' title='bbox 227 2802 398 2864; x_wconf 86' lang='lat' dir='ltr'><strong>Cunctantem,</strong></span> <span class='ocrx_word' id='word_1_175' title='bbox 410 2812 436 2853; x_wconf 91' lang='lat' dir='ltr'><strong>et</strong></span> <span class='ocrx_word' id='word_1_176' title='bbox 445 2805 506 2853; x_wconf 84' lang='lat' dir='ltr'><strong>vatis</strong></span> <span class='ocrx_word' id='word_1_177' title='bbox 518 2813 599 2867; x_wconf 88' lang='lat' dir='ltr'><strong>portat</strong></span> <span class='ocrx_word' id='word_1_178' title='bbox 609 2807 654 2854; x_wconf 89' lang='lat' dir='ltr'><strong>sub</strong></span> <span class='ocrx_word' id='word_1_179' title='bbox 665 2813 730 2853; x_wconf 86' lang='lat' dir='ltr'><strong>tecta</strong></span> <span class='ocrx_word' id='word_1_180' title='bbox 741 2804 849 2868; x_wconf 62' lang='lat' dir='ltr'><strong>Sibyllae</strong></span> 
     </span>
     <span class='ocr_line' id='line_1_27' title="bbox 214 2894 888 2956; baseline -0.001 -12"><span class='ocrx_word' id='word_1_181' title='bbox 214 2939 217 2944; x_wconf 93' lang='lat'>.</span> <span class='ocrx_word' id='word_1_182' title='bbox 254 2894 306 2943; x_wconf 86' lang='lat' dir='ltr'><strong>Nec</strong></span> <span class='ocrx_word' id='word_1_183' title='bbox 316 2894 398 2944; x_wconf 89' lang='lat' dir='ltr'><strong>minus</strong></span> <span class='ocrx_word' id='word_1_184' title='bbox 410 2895 502 2945; x_wconf 81' lang='lat' dir='ltr'><strong>interea</strong></span> <span class='ocrx_word' id='word_1_185' title='bbox 513 2896 638 2945; x_wconf 87' lang='lat' dir='ltr'><strong>Misenum</strong></span> <span class='ocrx_word' id='word_1_186' title='bbox 650 2897 675 2944; x_wconf 92' lang='lat' dir='ltr'><strong>in</strong></span> <span class='ocrx_word' id='word_1_187' title='bbox 686 2896 760 2945; x_wconf 89' lang='lat' dir='ltr'><strong>litore</strong></span> <span class='ocrx_word' id='word_1_188' title='bbox 769 2894 858 2943; x_wconf 84' lang='lat' dir='ltr'><strong>Teucri</strong></span> <span class='ocrx_word' id='word_1_189' title='bbox 886 2951 888 2956; x_wconf 28' lang='lat'><strong>¹</strong></span> 
     </span>
     <span class='ocr_line' id='line_1_28' title="bbox 224 2983 817 3048; baseline -0.002 -16"><span class='ocrx_word' id='word_1_190' title='bbox 224 2983 335 3043; x_wconf 87' lang='lat' dir='ltr'><strong>Flebant,</strong></span> <span class='ocrx_word' id='word_1_191' title='bbox 348 2993 372 3033; x_wconf 84' lang='lat' dir='ltr'><strong>et</strong></span> <span class='ocrx_word' id='word_1_192' title='bbox 384 2984 459 3033; x_wconf 87' lang='lat' dir='ltr'><strong>cineri</strong></span> <span class='ocrx_word' id='word_1_193' title='bbox 470 2985 565 3046; x_wconf 81' lang='lat' dir='ltr'><strong>ingrato</strong></span> <span class='ocrx_word' id='word_1_194' title='bbox 575 2998 689 3048; x_wconf 88' lang='lat' dir='ltr'><strong>suprema</strong></span> <span class='ocrx_word' id='word_1_195' title='bbox 698 2984 817 3033; x_wconf 77' lang='lat' dir='ltr'><strong>ferebant.</strong></span> 
     </span>
     <span class='ocr_line' id='line_1_29' title="bbox 224 3073 765 3138; baseline 0 -15"><span class='ocrx_word' id='word_1_196' title='bbox 224 3073 348 3137; x_wconf 86' lang='lat' dir='ltr'><strong>Principio</strong></span> <span class='ocrx_word' id='word_1_197' title='bbox 358 3074 472 3138; x_wconf 80' lang='lat' dir='ltr'><strong>pinguem</strong></span> <span class='ocrx_word' id='word_1_198' title='bbox 483 3074 553 3124; x_wconf 86' lang='lat' dir='ltr'><strong>ttedis</strong></span> <span class='ocrx_word' id='word_1_199' title='bbox 563 3082 589 3123; x_wconf 89' lang='lat' dir='ltr'><strong>et</strong></span> <span class='ocrx_word' id='word_1_200' title='bbox 598 3076 687 3122; x_wconf 88' lang='lat' dir='ltr'><strong>robore</strong></span> <span class='ocrx_word' id='word_1_201' title='bbox 698 3080 765 3123; x_wconf 86' lang='lat' dir='ltr'><strong>secto</strong></span> 
     </span>
     <span class='ocr_line' id='line_1_30' title="bbox 176 3159 852 3225; baseline -0.003 -15"><span class='ocrx_word' id='word_1_202' title='bbox 176 3198 179 3203; x_wconf 89' lang='lat'>.</span> <span class='ocrx_word' id='word_1_203' title='bbox 227 3162 353 3224; x_wconf 82' lang='lat' dir='ltr'><strong>Ingentem</strong></span> <span class='ocrx_word' id='word_1_204' title='bbox 364 3170 475 3211; x_wconf 84' lang='lat' dir='ltr'><strong>struxere</strong></span> <span class='ocrx_word' id='word_1_205' title='bbox 487 3176 584 3225; x_wconf 79' lang='lat' dir='ltr'><strong>pyram:</strong></span> <span class='ocrx_word' id='word_1_206' title='bbox 602 3161 643 3210; x_wconf 86' lang='lat' dir='ltr'><strong>cni</strong></span> <span class='ocrx_word' id='word_1_207' title='bbox 653 3159 781 3210; x_wconf 84' lang='lat' dir='ltr'><strong>frondibus</strong></span> <span class='ocrx_word' id='word_1_208' title='bbox 791 3159 852 3209; x_wconf 80' lang='lat' dir='ltr'><strong>atris</strong></span> 
     </span>
    </p>
   </div>
   <div class='ocr_carea' id='block_1_3' title="bbox 0 0 1200 3734">
    <p class='ocr_par' dir='ltr' id='par_1_3' title="bbox 0 0 1200 3734">
     <span class='ocr_line' id='line_1_31' title="bbox 0 0 1200 3734; baseline 0 0"><span class='ocrx_word' id='word_1_209' title='bbox 0 0 1200 3734; x_wconf 95' lang='lat' dir='ltr'><strong> </strong></span> 
     </span>
    </p>
   </div>
  </div>
 </body>
</html>
