2334 3734
213 516 261 561 aaa
434 514 461 560 Ρ.
477 499 615 561 vinarun
631 508 786 562 nunonis

215 644 269 689 Hoc
280 648 348 703 pater
359 639 477 690 Anchiree
487 653 547 688 aare
558 639 650 687 libabat
659 638 690 688 ad
700 650 753 687 aras
763 658 772 700 ς

216 731 270 777 Hoc
283 729 373 777 Priami
383 733 507 789 gestamen
518 737 581 787 erat,
590 742 665 788 quum
671 730 729 788 jnra
739 726 829 777 voeatis

216 820 288 866 More
298 818 367 866 daret
377 817 491 880 populia3
508 823 688 878 sceptrumque,
699 828 813 877 sacerque
822 814 907 874 tiarae,

207 906 368 967 iliadumque
377 907 447 953 labor
458 913 544 957 restes.
636 893 639 898 ⁵
734 892 739 903 ⁶

247 996 348 1044 Talibus
361 996 447 1045 Ilionei
458 994 528 1043 dictu
538 995 619 1043 defixa
631 994 731 1045 Latinus

219 1086 313 1135 Obtutu
324 1092 391 1134 tenet
401 1099 454 1143 ora,
467 1084 567 1145 soloque
579 1082 705 1134 inmobilis
717 1083 804 1141 haret,

219 1176 329 1222 Intentos
339 1175 438 1222 volvens
450 1174 542 1222 oeulos.
576 1174 601 1220 N
603 1186 629 1221 ee
639 1186 746 1233 purpura
758 1184 838 1231 regem

218 1263 287 1311 Picta
298 1270 388 1321 moret,
400 1276 444 1309 nee
454 1269 548 1323 aoeptra
559 1268 659 1315 moreat
669 1260 788 1309 Priameia
798 1258 904 1318 tantum,

218 1339 342 1407 Quantum
353 1353 379 1399 in
390 1351 582 1403 connubiorum
594 1351 749 1412 thalamoque
759 1356 883 1409 moratur;

219 1442 252 1489 Et
262 1441 349 1490 veteris
361 1441 437 1489 Fauni
448 1442 524 1490 volvit
534 1442 580 1489 sub
591 1442 687 1503 pertore
698 1448 798 1489 sortem.
846 1460 854 1468 ·
879 1488 884 1497 ,

222 1530 294 1577 Hune
304 1530 376 1577 illum
387 1529 443 1579 fatie
453 1530 556 1578 externa
566 1531 597 1578 ab
608 1529 664 1579 sede
674 1529 810 1591 profectum
872 1550 876 1557 ·

222 1618 337 1667 Portendi
348 1633 474 1679 generum,
485 1620 631 1681 paribusque
641 1618 666 1667 in
678 1630 752 1679 regna
760 1616 842 1665 vorari
911 1634 914 1641 ¹

186 1734 190 1741 ·
222 1706 360 1768 Auspiciis3
377 1707 434 1757 huic
444 1707 583 1768 progeniem
594 1708 684 1755 virtute
694 1708 803 1755 futuram

223 1794 360 1854 Egregium,
371 1802 396 1841 et
406 1801 485 1842 tntum
497 1810 551 1855 qua
561 1794 653 1843 viribus
663 1802 765 1856 occupet
775 1794 868 1843 arbem.

223 1882 333 1929 'landem
343 1882 413 1929 latus
425 1882 474 1929 ait:
493 1883 525 1930 Di
535 1889 620 1930 nostra
630 1882 725 1943 iueepta
734 1881 876 1939 sentrudent,

205 2007 208 2012 ⁴
225 1969 408 2029 auguriumque
417 1972 506 2016 suum!
526 1968 640 2029 Dabitur,
651 1972 769 2031 'steiana
780 1970 845 2033 quod
855 1976 932 2033 aptae.

228 2060 333 2105 Munera
342 2070 387 2103 nee
398 2070 495 2116 sperno,
529 2058 586 2105 Non
598 2058 676 2117 vobis,
689 2073 744 2120 rege
756 2059 853 2119 Latino,

227 2143 314 2191 Divitia
326 2144 386 2191 uber
396 2142 448 2203 agri
457 2144 568 2203 Troiaeve
578 2145 702 2205 opulentia
713 2146 798 2195 deerit.

227 2233 281 2294 lpae
292 2231 366 2280 modo
377 2232 478 2288 AEneaa
489 2230 567 2279 nostri
578 2231 599 2279 ai
610 2239 678 2281 tanta
688 2232 776 2294 cupido
787 2240 834 2291 est,

229 2320 255 2369 Si
263 2320 333 2381 J'ungi
343 2320 449 2383 hospitio
461 2328 584 2383 properat,
596 2320 723 2383 sociusque
733 2320 825 2381 vocari,

229 2408 365 2471 Adveniat3
381 2410 462 2457 voltus
473 2423 533 2457 nere
542 2408 701 2457 exhorrescat
711 2408 810 2457 amieor.

232 2499 290 2544 Pars
301 2496 362 2544 mihi
372 2497 438 2558 pacia
449 2497 497 2545 erit
506 2498 617 2546 dextram
628 2497 735 2558 tetigisse
747 2496 851 2559 tyranni.

230 2586 280 2631 Vos
292 2592 378 2651 canna
388 2584 502 2645 regimen
512 2600 577 2633 nune
589 2585 704 2634 mandata
715 2586 813 2634 referte.

232 2674 276 2720 Eat
287 2672 348 2720 mihi
360 2680 426 2731 nata,
438 2672 490 2720 v'uo
501 2672 579 2732 gentia
591 2688 664 2733 quam
673 2676 775 2733 jungere
786 2682 888 2733 nostrae,

232 2764 289 2809 Non
299 2761 378 2824 patrio
388 2776 420 2809 ex
430 2762 502 2823 adyta
511 2770 600 2821 aortea,
612 2776 661 2810 non
673 2743 778 2824 plurima
787 2763 851 2815 noeio

232 2852 345 2898 Monstra
355 2849 452 2897 sinunt:
470 2848 689 2918 generas-externis
700 2850 785 2901 adfore
796 2852 826 2900 ab
836 2850 897 2910 oria,

234 2941 288 2988 Hoc
298 2939 368 2987 Latin
378 2947 469 2988 restare
479 2946 579 2999 canunt,
592 2940 634 3001 qui
645 2939 760 3001 sanguine
771 2946 882 2989 nostrum

234 3028 330 3074 Nomen
342 3027 367 3075 in
379 3035 444 3075 aetra
454 3029 542 3077 ferant.
576 3030 648 3077 Hunc
658 3028 839 3091 illumpnaeera
849 3028 901 3075 iata
991 3008 996 3017 “

234 3115 266 3161 Et
276 3127 343 3173 reor,
354 3122 389 3173 et,
401 3115 491 3176 siquid
500 3115 551 3165 veri
563 3130 633 3165 mens
643 3118 754 3178 augurat,
765 3123 831 3179 opto.
