2334 3734
218 511 246 557 14
441 507 469 553 Ρ.
485 504 623 554 VIRGILIl
640 461 794 552 MARleS

524 783 657 836 acuens
681 788 710 836 v.
754 839 767 850 ,,

547 986 680 1060 ’ΒΑΡΗΝΙΕ

476 1178 624 1222 manducas.
649 1176 759 1214 MOPSUS.

253 1331 306 1378 llo.
325 1330 381 1378 cun
391 1342 453 1388 nou,
465 1329 563 1392 Mopse,
573 1327 633 1376 boni
643 1327 760 1389 quoniam
770 1326 928 1376 convenimus
936 1327 1020 1388 umbo,

220 1420 259 1468 'lh
269 1418 376 1467 calamos
387 1416 472 1466 inflare
483 1415 554 1477 levis,
565 1430 610 1478 ego
621 1415 701 1464 dicem
710 1429 805 1476 versus,

221 1507 268 1556 Hic
278 1506 368 1555 conrlis
380 1505 468 1554 mixtas
480 1503 544 1554 inter
554 1504 704 1554 considimus
714 1505 814 1552 ulmos?

252 1597 306 1644 Mc.
322 1596 362 1643 Tu
372 1597 467 1656 map’or3
483 1593 529 1643 sibi
540 1607 580 1645 me
591 1600 629 1642 est
639 1607 736 1655 aequum
746 1606 842 1656 parere,
854 1593 979 1642 Menalcas

220 1684 275 1734 Sive
286 1685 331 1733 suh
341 1683 444 1732 incertas
458 1682 572 1746 Zephyris
584 1681 735 1731 mutantibus
746 1683 855 1742 umbras,

221 1772 276 1822 Sive
286 1780 357 1821 antro
368 1772 448 1836 potius
460 1770 618 1820 succedimus.
651 1768 768 1832 Adspice,
777 1777 806 1819 ut
815 1778 915 1823 autrum

221 1861 343 1912 silvestris
355 1861 417 1910 raris
428 1860 517 1924 sparsit
526 1859 638 1909 labrusca
649 1859 759 1908 racemis.
888 1912 892 1920 ,

251 1951 305 1998 Mu.
322 1949 449 1997 Montibus
461 1948 487 1996 in
498 1947 589 2012 nostris
599 1948 668 1996 solus
678 1947 724 1995 tihi
734 1955 812 1998 certet
820 1949 947 2012 Amyntas.

252 2039 306 2085 Mo.
323 2036 398 2096 Quid,
410 2036 431 2084 si
443 2035 508 2084 idem
518 2043 594 2084 certet
606 2035 725 2084 Phoebum
737 2050 852 2099 superare
861 2037 990 2087 canendo?

252 2126 305 2173 Mu.
323 2123 414 2186 Incipe,
425 2125 522 2186 Mopse,
534 2123 616 2188 prior:
634 2123 717 2187 siquos
728 2134 771 2174 aut
781 2125 899 2189 Phyllidis
910 2126 989 2191 ignes,

218 2216 270 2262 Aut
280 2213 381 2262 Alconis
391 2213 465 2262 habes
476 2212 571 2274 laudes,
582 2222 624 2262 aut
632 2213 713 2276 iurgia
724 2213 807 2264 Codri.
838 2257 843 2264 .

219 2302 301 2365 Incipe
311 2323 320 2366 3
336 2302 456 2364 pascentis
468 2303 572 2352 servabit
582 2305 682 2367 'lityrus
692 2304 784 2355 haedos.

250 2393 305 2440 Mo.
321 2391 401 2440 Immo
412 2391 474 2452 haec,
486 2391 512 2439 in
522 2391 594 2440 viridi
605 2407 682 2456 nuper
693 2408 747 2456 quse
758 2393 848 2444 cortice
858 2394 907 2463 fugi

219 2479 334 2530 Carmina
345 2478 470 2542 descripsi,
482 2486 506 2526 et
517 2479 646 2529 modulans
657 2482 752 2530 alterna
761 2482 853 2544 notavi,

218 2566 335 2629 Experiar
346 2586 352 2614 ε
369 2574 397 2615 tu
409 2567 496 2615 deinde
503 2569 589 2627 J'ubcco
599 2576 675 2616 certet
685 2570 811 2631 Amyntas.

249 2657 302 2704 Mn.
319 2656 397 2704 Lenta
406 2655 468 2704 salix
479 2665 597 2718 quantum
608 2657 709 2718 pallenti
719 2657 783 2704 cedit
792 2657 874 2718 olives,

217 2744 328 2793 Prmiceis
338 2745 438 2792 humilis
450 2752 566 2807 quantum
578 2744 686 2792 saliunca
695 2744 797 2793 rosetis:

214 2833 230 2881 J
233 2831 311 2880 udicio
323 2839 407 2881 nostro
419 2839 513 2881 mutum
524 2832 568 2880 tibi
580 2831 645 2879 cedit
654 2832 780 2894 Amyntas.

247 2923 300 2969 Mo.
317 2920 366 2969 Sed
376 2929 404 2970 tu
413 2920 497 2968 desine
508 2922 590 2982 plura,
600 2933 677 2981 puer3
694 2919 853 2970 successimus
863 2930 942 2972 antro.

245 3007 398 3057 Exstinctum
411 3007 529 3071 Nymphae
541 3007 634 3056 crudeli
644 2991 730 3056 irruere
741 3009 853 3071 Daphnin

214 3099 328 3147 Flebant=
345 3111 388 3147 vos
398 3096 477 3145 coruli
489 3104 561 3145 sesses
573 3104 599 3146 et
609 3097 712 3147 flumina
722 3100 856 3162 Nymphis:
