2334 3734
218 517 266 564 410
439 515 467 561 P.
484 510 620 560 VIRGlLll
638 506 790 556 Mauortis

217 644 301 693 'liuba
311 640 409 699 ducum,
422 638 456 688 sic
466 638 582 700 incipiens
594 636 707 685 hortatu
713 632 808 682 ovantis
818 653 825 682 z

218 730 329 779 Maxima
339 743 377 777 res
388 728 481 786 effecta,
492 726 538 774 viri
549 746 557 789 ;
574 725 648 775 timor
659 722 739 772 omnis
750 723 844 780 mesto,

217 818 289 874 Quod
300 822 424 880 superest;
442 816 495 863 haec
504 822 562 862 sunt
573 813 661 876 spolia,
671 819 696 860 et
706 812 737 859 de
747 823 803 870 rege
813 807 918 870 superbo

220 906 336 955 Primitiae
347 926 356 967 ς
374 904 532 963 manibusque
543 900 604 949 meis
615 898 751 948 Mezentius
762 896 802 945 hic
813 903 858 944 est

218 997 291 1045 Nunc
301 993 347 1041 iter
359 993 389 1041 ad
400 1006 481 1052 regem
494 990 564 1039 nobis
576 1001 707 1049 murosque
719 984 825 1034 Latium.
839 1028 844 1037 .

218 1086 295 1133 Arme
306 1088 398 1145 parate,
409 1079 497 1128 animia
508 1086 533 1127 et
543 1091 585 1140 spe
597 1075 734 1139 presumite
744 1074 854 1133 beilum3

219 1174 256 1220 Ne
268 1184 315 1233 qua
326 1184 395 1218 mora
405 1170 511 1229 ignaros,
524 1167 565 1214 ubi
577 1164 683 1228 primum
692 1163 781 1211 vellere
789 1161 857 1221 signa

219 1258 356 1308 Adnuerint
367 1258 457 1321 superi,
470 1258 604 1319 pubemque
615 1253 718 1301 educere
729 1249 825 1309 castris,

220 1348 340 1411 inpediat,
352 1346 460 1408 segnisve
472 1353 537 1393 metu
549 1342 670 1393 sententia
679 1340 765 1389 tardet.

220 1437 315 1485 Interea
325 1435 403 1483 socios
414 1434 587 1493 inhumataque
596 1444 698 1493 corpora
708 1436 780 1476 terrae

223 1523 384 1572 Mandemus:
402 1522 443 1583 qui
455 1521 520 1569 solus
532 1521 611 1567 honos
622 1503 760 1566 Acheronte
772 1514 817 1562 sub
826 1511 876 1559 imo
887 1518 931 1559 est.

221 1611 268 1669 lte,
278 1608 328 1670 ait3
346 1609 451 1669 egregias
463 1609 565 1667 animas,
573 1621 626 1668 quae
637 1604 753 1666 sanguine
764 1601 833 1649 nobis

221 1700 290 1745 Hanc
302 1696 404 1759 patriam
415 1710 529 1758 peperere
541 1708 596 1752 suo,
608 1694 720 1742 decorate
730 1689 848 1753 supremis

217 1784 365 1833 Muneribus
377 1805 384 1846 3
402 1792 556 1844 maestamque
566 1782 671 1831 Evandri
682 1782 774 1843 primus
787 1781 817 1831 ad
827 1782 911 1830 urbem

219 1872 332 1921 Mittatur
342 1874 432 1931 Pallas,
444 1886 516 1932 quem
524 1886 574 1918 non
586 1871 681 1919 virtutis
692 1879 801 1933 egentem

216 1958 326 2008 Abstulit
335 1966 388 2006 stra
399 1958 459 2016 dies,
472 1965 497 2005 et
508 1959 593 2005 funere
605 1960 690 2007 mersit
700 1960 795 2007 acerbo.

252 2046 292 2095 Sic
302 2046 336 2095 ait
347 2046 503 2094 inlacrimans
515 2046 645 2109 recipitque
656 2049 686 2097 ad
697 2048 784 2098 limina
793 2062 901 2109 gressum
912 2068 918 2094 :

219 2134 313 2196 Corpus
324 2133 366 2182 ubi
376 2134 483 2183 exanimi
493 2134 599 2196 positum
611 2136 728 2183 Pallantis
739 2139 836 2185 Aooetes

221 2226 336 2275 Servabat
348 2225 440 2286 senior,
451 2225 492 2287 qui
505 2225 635 2274 Parrhasio
644 2226 756 2274 Evandro

220 2314 334 2375 Armiger
345 2322 400 2363 unte
412 2314 474 2376 fuit3
492 2314 534 2363 sed
546 2328 596 2363 non
609 2313 721 2362 felicibus
732 2330 799 2375 nque

220 2403 284 2449 'ium
296 2416 376 2450 comes
388 2401 500 2465 auspiciis
511 2415 567 2450 caro
579 2402 649 2449 datiis
660 2401 711 2449 ibat
720 2403 830 2451 alumno.

222 2489 320 2539 Circum
330 2489 410 2538 omnis
421 2490 587 2561 famulumque
595 2502 682 2537 munus
690 2490 845 2551 'linianuque
855 2491 926 2538 turim

130 2636 133 2645 ,
221 2579 253 2625 Et
264 2582 376 2625 mestum
388 2576 475 2624 iliades
486 2577 577 2624 crinem
589 2576 620 2625 de
630 2589 700 2625 more
711 2577 805 2625 solutae.

220 2664 256 2712 Ut
263 2676 320 2711 vero
333 2664 422 2710 AEness
433 2662 526 2711 foribus
537 2677 590 2711 sese
601 2663 685 2712 intulit
695 2665 766 2713 altis:

222 2753 347 2814 Ingentem
358 2752 473 2815 gemitum
485 2753 563 2802 tunsis
575 2754 606 2802 ad
618 2754 697 2803 sidera
708 2756 800 2803 tollunt

222 2842 372 2902 Pectoribus,
384 2849 517 2905 mestaque
529 2842 634 2905 inmugit
642 2842 709 2905 regia
718 2844 794 2892 luctu.

221 2930 284 2990 lpse,
296 2936 368 2991 caput
378 2930 441 2979 nivei
453 2931 542 2979 fultum
553 2930 671 2980 Pallantis
681 2939 706 2979 et
714 2945 759 2979 ors

221 3012 257 3060 Ut
266 3012 336 3071 vidit,
346 3014 448 3074 laevique
460 3023 543 3077 patens
555 3016 580 3063 in
590 3024 686 3077 pectore
696 3016 783 3063 volnus

186 3107 189 3112 ·
223 3097 334 3157 cuspidis
346 3099 471 3160 Ausonia,
482 3102 588 3150 lacrimis
598 3101 634 3150 ite
644 3104 709 3151 tetur
720 3102 813 3151 obortis
824 3124 829 3151 :
