2334 3734
220 533 248 579 10
438 532 466 577 P.
483 530 621 578 VlRGlLll
637 527 791 579 MARONIS

218 660 314 708 Partem
325 657 431 719 aliquam
442 657 507 706 renti
517 656 601 706 dlvom
611 657 722 706 referetis
731 654 853 706 adamis!

249 749 303 795 Mn.
320 745 385 801 Quid
401 746 509 810 prodest,
526 747 592 807 quod
613 761 654 795 me
672 746 725 809 ipse
740 746 824 795 anime
839 759 889 794 non
911 743 1017 807 spernis,

313 837 429 898 Amynta,
664 848 668 854 ·

216 923 253 984 Si,
265 923 323 972 dum
333 931 362 971 tu
371 922 471 972 sectaris
481 935 564 986 apros,
576 922 694 984 egeretis
703 925 791 972 servo?

248 1013 295 1061 Ds.
313 1011 426 1075 Phyllida
436 1012 506 1060 mitte
518 1011 578 1060 mihi
590 1031 598 1074 ;
614 1025 684 1061 messa
696 1019 734 1061 est
743 1011 843 1073 natalis,
855 1011 932 1059 lolia:

216 1100 279 1148 (lum
290 1099 377 1148 faciam
387 1100 464 1148 riuule
474 1115 519 1163 pro
530 1100 651 1161 frugibus,
662 1100 714 1162 ipse
724 1100 815 1148 venito.

248 1189 302 1237 Mu.
319 1188 431 1251 Phyllida
442 1202 498 1237 amo
509 1196 565 1237 anne
573 1189 649 1237 alies:
666 1203 724 1238 uam
734 1201 776 1237 me
784 1188 908 1239 discedere
917 1187 1001 1250 derit3

148 1313 153 1322 .
214 1278 257 1337 Et,
270 1278 379 1338 Longum
391 1279 498 1327 formose
508 1279 572 1337 vale,
583 1279 647 1338 vale,
658 1278 748 1340 inquit,
761 1279 831 1327 lolle

248 1366 296 1414 Ds.
312 1365 394 1415 'l'risoe
404 1368 476 1429 lupus
487 1367 600 1426 stabulis,
612 1367 715 1416 maturis
724 1367 834 1429 frugibus
844 1367 945 1427 imbres,

216 1457 352 1506 Arboribus
362 1458 439 1518 venti,
451 1458 522 1507 nobis
530 1458 689 1521 Amaryllidis
701 1458 753 1507 ire.

247 1548 301 1596 Mn.
318 1548 395 1596 Dulce
406 1547 465 1596 satis
474 1549 574 1607 humor,
587 1548 693 1611 depulsis
704 1549 805 1597 arbium
815 1539 902 1606 hedis,

217 1638 294 1686 Lenta
304 1635 367 1685 salix
377 1637 427 1685 feto
439 1637 530 1699 pecori,
542 1636 603 1685 mihi
614 1638 681 1686 solus
692 1639 820 1699 Amyntas.

249 1728 296 1774 Ds.
313 1727 394 1775 Pollio
404 1734 469 1775 amat
480 1734 601 1786 nostram,
612 1725 720 1787 quamvls
731 1732 769 1774 est
782 1721 883 1784 rustiee,
895 1724 1006 1773 Musam:

218 1814 335 1875 Pierides,
346 1815 447 1864 vitulam
460 1815 544 1864 lectori
556 1815 648 1878 pascite
658 1821 746 1864 vestro.

247 1904 300 1951 Me.
318 1903 398 1952 Pollio
408 1912 433 1953 et
443 1904 494 1968 ipse
504 1904 562 1953 imit
571 1917 636 1952 nova
645 1902 768 1952 earmina:
778 1901 870 1965 pascite
879 1908 988 1962 murum,

216 1993 231 2041 J
234 2005 274 2042 am
284 2006 361 2042 cornu
372 2001 448 2055 petat,
460 1992 596 2055 etpedibus
608 1992 650 2054 qui
661 1999 758 2054 spargat
764 2005 872 2040 arenam.

250 2082 297 2128 Ds.
314 2081 363 2135 Qui
374 2088 408 2140 ee,
421 2079 511 2139 Pollio,
522 2087 599 2138 amat,
609 2079 701 2138 veniat,
712 2093 762 2140 quo
771 2086 798 2127 te
807 2093 903 2141 quoque
914 2078 1008 2140 geum
1081 2135 1086 2142 Ι

217 2171 295 2219 Mella
304 2171 382 2218 fluant
393 2168 441 2229 illi,
453 2169 517 2218 ierat
526 2176 551 2218 et
561 2171 637 2218 rubus
648 2183 719 2232 asper
729 2183 862 2219 amomum.

250 2259 303 2307 Mu.
321 2257 369 2312 uui
379 2257 482 2306 Bavium
494 2271 544 2306 uon
556 2257 619 2318 odit,
631 2267 697 2307 emet
706 2266 749 2308 tua
759 2259 878 2319 earmina,
889 2258 979 2321 Mevi3

216 2349 297 2409 Atque
307 2346 371 2396 idem
380 2349 467 2408 jungat
476 2348 572 2410 uulpes,
582 2356 608 2397 et
618 2349 725 2410 mulgent
734 2349 824 2398 bueus.

248 2437 296 2484 Ds.
314 2435 362 2490 Qui
372 2436 452 2498 legitis
463 2438 536 2486 dores
547 2443 572 2486 et
582 2437 653 2486 humi
665 2439 790 2488 nascentia
799 2438 876 2500 fraga,

216 2523 337 2586 Frigidus,
352 2540 368 2573 ο
379 2525 458 2588 pueri,
470 2527 545 2588 fugile
555 2526 624 2588 hinc,
635 2529 695 2577 labet
704 2528 790 2589 anguis
800 2528 826 2576 in
837 2527 922 2576 herba.

250 2614 304 2662 Mn.
322 2613 426 2674 Parcite,
438 2629 505 2674 oves,
517 2615 621 2664 nimium
627 2616 757 2679 prooedere
767 2635 775 2677 3
792 2629 843 2664 uon
853 2617 917 2665 bene
927 2615 987 2679 ripe

217 2700 345 2751 Credlmr:
363 2701 414 2764 ipse
426 2702 488 2751 aries
500 2703 573 2752 etiam
586 2719 652 2753 nunc
663 2705 755 2752 vellera
765 2703 846 2755 sieeat.

248 2790 295 2838 Ds.
311 2789 406 2854 libyae,
417 2793 536 2854 pascentis
547 2808 562 2842 a
572 2793 674 2842 flumine
683 2792 747 2841 reioe
756 2793 879 2854 capellan

217 2879 281 2940 lpse,
292 2878 335 2927 ubl
345 2887 439 2944 tempus
451 2881 508 2941 erit,
520 2881 601 2931 omnis
612 2881 639 2929 in
650 2881 719 2930 lente
729 2882 823 2930 lambo.

249 2967 303 3016 Mn.
321 2967 405 3030 Cogite
415 2969 477 3030 oris,
490 2969 558 3032 pueri
567 2989 575 3032 3
593 2969 663 3018 silue
673 2968 814 3032 preceperit
824 2976 909 3029 esbus,

218 3059 254 3110 Ut
264 3073 350 3122 nuper,
362 3059 453 3109 frustra
463 3059 627 3123 pressabimus
636 3061 711 3109 ubera
720 3059 817 3124 palmis.

249 3152 298 3200 ΒΑ.
315 3149 1016 3214 lleu,heu‚quampinguimecerestmibitaurusiuervo!
