2334 3734
195 533 244 581 ³78
423 536 449 583 Ρ.
468 534 603 584 VIRGILH
620 535 774 586 MARONIS

196 660 307 709 Exitium
318 676 432 722 magnum
445 670 516 724 etque
526 664 600 726 Alpes
611 663 718 712 inmittet
728 672 836 727 eperat:

197 750 261 797 Turn
272 758 364 799 certare
376 751 448 809 odiis,
460 760 512 799 turn
525 766 563 801 res
575 753 684 814 rapuisse
694 753 785 803 licebit.

197 839 269 887 Nune
279 839 351 888 sinite
361 860 369 901 3
386 849 411 888 et
421 841 536 901 placitum
546 843 596 890 laeti
608 844 739 904 mnponite
747 844 833 893 foedus.

230 929 245 976 J
248 927 342 990 uppiter
353 929 405 976 haee
416 930 512 992 paucis:
530 938 555 977 at
565 945 615 979 non
627 933 709 980 Venus
720 946 793 981 auree
802 941 889 982 contra

200 1018 280 1065 Peuce
290 1017 377 1065 refert:

199 1108 221 1156 Ο
234 1110 315 1170 Pater,
327 1124 343 1157 o
353 1111 482 1161 hominum
494 1110 622 1172 divomque
634 1120 725 1162 eterna
734 1116 854 1175 potestus!

202 1197 325 1260 (Namque
336 1198 401 1248 aliud
410 1200 468 1261 quid
478 1200 520 1259 sit,
531 1200 596 1261 quod
605 1202 655 1260 jnm
666 1201 789 1263 inplorare
801 1215 915 1264 queamus
924 1201 947 1263 ?)

199 1286 283 1335 Cernis
295 1294 323 1335 ut
334 1287 451 1337 insultent
463 1288 564 1350 Rutuli;
580 1291 727 1350 'lirruusque
737 1290 830 1337 feratur

109 1408 111 1413 -
200 1376 246 1423 Per
258 1376 350 1425 medios
361 1376 462 1438 insignis
474 1376 553 1438 equis,
563 1377 719 1439 tumidusque
729 1378 835 1427 seeundo

199 1465 279 1513 Marte
291 1467 364 1513 ruet?
385 1467 442 1514 Non
452 1466 533 1514 clausa
544 1474 628 1527 tegunt
635 1468 686 1527 jam
699 1468 790 1517 moenia
799 1469 916 1517 Teucros.

198 1552 264 1606 Quin
276 1552 340 1601 intre
350 1561 432 1615 portas
443 1562 514 1616 atque
524 1553 582 1616 ipsis
595 1554 683 1616 proelia
693 1554 796 1605 miscent

197 1641 329 1703 Aggeribus
341 1656 475 1690 moerorum
486 1662 494 1703 3
512 1649 537 1691 et
546 1641 665 1691 inundent
675 1644 793 1703 sanguine
803 1644 883 1692 fosse.

199 1730 288 1779 AEnees
300 1730 397 1792 ignarus
409 1732 483 1779 abest.
517 1732 690 1791 Numquamne
698 1732 773 1780 levari
785 1708 790 1722 ¹

200 1818 333 1867 Obsidione
345 1819 428 1868 sines?
464 1819 544 1867 Muris
555 1818 645 1867 iterum
655 1820 760 1868 inminet
769 1819 846 1869 hostis

200 1906 329 1956 Nascentis
338 1910 437 1967 Trojae3
456 1920 500 1955 nec
511 1922 562 1955 non
572 1908 694 1956 exercitu
705 1908 778 1968 ulter,

198 1997 278 2057 Atque
289 1996 377 2044 iterum
390 1995 416 2043 iu
426 1997 533 2043 Teucrus
545 1996 635 2044 AEtolis
647 1996 725 2057 surgit
734 1998 765 2044 ab
775 1996 849 2059 Arpis

198 2082 310 2147 Tydides.
342 2082 472 2146 Equidem,
484 2085 568 2143 credo,
579 2098 635 2133 mea
643 2086 744 2133 volnere
755 2093 865 2147 restent3

199 2173 231 2219 Et
243 2178 284 2221 tua
295 2172 420 2234 progenies
432 2173 545 2225 mortalia
556 2174 670 2223 demoror
682 2178 764 2223 mmet

199 2260 226 2309 Si
235 2259 287 2314 sine
297 2276 355 2324 pace
366 2270 418 2323 tua,
429 2270 501 2326 atque
512 2260 589 2317 invite
599 2262 711 2323 numine,
721 2265 801 2313 Troes

199 2350 410 2412 ltaliampetierez
429 2353 499 2401 luunt
510 2359 622 2414 peccem
639 2366 718 2412 neque
728 2351 785 2401 illos

199 2440 214 2487 J
217 2439 296 2487 ureris
308 2441 409 2491 auxilio.
442 2441 486 2489 Sin
498 2449 536 2493 tut
546 2451 663 2504 response
672 2439 761 2500 secuti,

199 2528 261 2581 Quae
273 2528 360 2591 Superi
370 2529 504 2589 Manesque
515 2529 618 2577 debente
635 2545 680 2579 eur
691 2541 758 2581 nunt
765 2537 809 2579 tut
816 2530 945 2593 quisquam

200 2616 299 2663 Vertere
309 2618 485 2677 J'ussepotest?
505 2625 547 2665 aut
560 2632 604 2666 eur
616 2634 679 2668 nova
689 2620 795 2673 madere
805 2621 875 2670 fatet

199 2703 265 2757 Quid
276 2710 382 2766 repetam
395 2712 493 2753 exustas
504 2706 609 2769 Eryeino
620 2708 646 2755 iu
657 2708 729 2758 litore
739 2709 824 2759 ueste
835 2712 845 2759 ἓ

199 2790 264 2845 Quid
275 2800 445 2856 tempestatum
456 2805 548 2855 regem,
560 2804 691 2858 veritusque
702 2798 805 2847 iuuentis

197 2880 279 2929 AEolia
288 2882 399 2931 excitos?
419 2890 462 2933 aut
473 2892 551 2937 artem
559 2885 665 2935 nubibus
676 2885 755 2935 Irim?

201 2968 272 3019 Nune
284 2972 357 3021 etiarn
368 2972 449 3023 Manis
464 2974 526 3037 (haee
537 2974 657 3024 intentata
667 2977 781 3029 murenae
890 3039 896 3050 ,Ι

200 3060 259 3108 Sors
271 3059 364 3122 rerum)
379 3070 470 3123 movet,
483 3071 508 3111 et
518 3063 612 3125 superis
624 3064 725 3115 iumine
735 3074 834 3131 repente
890 3064 899 3074 '

200 3147 306 3209 Allecto,
318 3149 414 3217 inedias-
421 3151 508 3201 Ituium
521 3152 635 3203 bacchata
645 3168 688 3220 per
697 3156 773 3204 urbis.
