2334 3734
406 556 641 621 maurensem.
658 556 700 604 vr.
899 554 946 603 ear

146 686 256 736 proferet
266 683 394 747 imperium
404 705 412 745 ;
426 685 491 745 jacet
501 692 571 733 extra
582 684 661 738 sidera
670 684 754 744 tellus,

145 776 223 823 sm
232 774 291 823 anni
302 773 414 835 sorsque
426 774 485 833 aas,
498 773 539 821 unt
551 774 645 821 coerrfer
656 760 727 821 Anas

144 854 224 910 Axem
236 862 337 909 humero
349 868 446 922 torquet
456 860 533 909 stellis
544 859 682 925 ardentibus
694 866 786 922 aptum.

147 950 226 1009 Hujns
240 948 265 996 in
277 948 407 997 adveutum
415 950 466 1009 iam
478 962 542 995 nnnc
552 955 578 996 et
590 946 675 1010 caspia
686 958 760 1007 regna

147 1036 278 1099 Responsis
290 1039 392 1086 horrent
403 1036 494 1097 divom,
506 1044 531 1086 et
539 1037 642 1085 Maeotia
652 1038 734 1097 tellus,
787 1012 792 1031 l

145 1127 178 1174 Et
189 1126 371 1189 septemgemini
382 1127 482 1174 turbant
493 1125 587 1187 trepida
598 1124 661 1173 ostia
673 1124 733 1173 Nili.

146 1216 198 1263 Nee
209 1228 267 1263 vero
274 1214 372 1262 Alcides
383 1221 479 1272 tanaim
490 1213 586 1262 telluris
596 1211 688 1275 obivit;
772 1264 776 1271 ,

148 1301 242 1351 Fixerit
250 1302 378 1364 aeripedem
389 1316 485 1350 nervam
496 1301 563 1360 licet,
575 1308 618 1349 aut
623 1302 765 1363 Erymanthi

149 1390 244 1439 Paaarit
255 1403 365 1449 nemora,
377 1398 402 1440 et
411 1392 515 1438 Lernam
528 1388 693 1437 tremefecerit
703 1402 769 1437 areu.

92 1468 97 1477 ’
150 1480 212 1538 Nee,
220 1478 261 1540 qui
273 1478 406 1545 pampineis
416 1478 493 1526 vietor
501 1479 559 1539 juga
569 1476 645 1525 flectit
654 1476 766 1537 habenis,

152 1567 233 1628 biber,
244 1581 317 1629 agens
329 1570 395 1616 eeiso
407 1570 479 1631 Nysae
487 1568 517 1615 de
528 1567 617 1615 vertice
628 1566 704 1627 tigris.
756 1572 760 1583 “

62 1660 68 1668 “
146 1657 179 1704 Et
189 1655 326 1704 dubitamus
338 1655 415 1705 adhue
428 1656 541 1705 virtutem
552 1655 684 1705 extendere
694 1653 782 1704 factis?

149 1745 200 1792 Aut
210 1751 289 1792 metus
300 1744 411 1793 Ausonis
421 1745 535 1806 prohibet
545 1743 678 1793 consistere
690 1744 773 1791 terra?

149 1831 209 1885 Quis
220 1833 304 1895 procul
313 1832 356 1881 ille
367 1840 447 1881 antem
459 1833 533 1881 ramis
544 1832 644 1893 insignis
656 1832 726 1880 olive

146 1920 220 1969 Sacra
230 1921 331 1969 serena?
350 1935 423 1970 nosco
434 1921 509 1970 erinis
521 1921 654 1983 incanaque
665 1930 746 1968 menta

145 2007 217 2068 Regis
229 1990 349 2069 iiomani3
366 2009 459 2070 primus
470 2007 512 2071 qui
524 2010 616 2069 legibus
627 2010 713 2057 urbem

146 2093 277 2156 Fundabit,
290 2095 394 2144 Curibus
404 2096 484 2159 parvis
494 2104 520 2144 et
529 2110 633 2158 paupere
644 2104 709 2144 terra
756 2092 759 2099 ’

72 2232 78 2241 ,
147 2182 238 2231 Missus
246 2183 272 2231 in
283 2183 545 2246 imperinm-magnum.
579 2184 626 2233 Cui
637 2172 722 2233 deinde
734 2185 833 2246 subibit,

147 2270 206 2319 Otia
217 2271 365 2334 qui'rumpet
375 2271 469 2335 patriae,
481 2253 618 2333 residesque
630 2271 735 2321 movebit

145 2359 235 2407 Tullus
247 2358 273 2406 in
284 2360 434 2420 armaviros,
444 2367 470 2408 et
477 2362 528 2420 jam
539 2359 639 2407 desueta
649 2359 779 2422 triumphis

147 2448 260 2508 Agmina
294 2450 372 2502 Quem
383 2451 453 2510 Juxta
463 2449 570 2511 sequitur
577 2448 709 2509 jactantior
718 2448 811 2508 Ancus,
912 2467 917 2481 =

149 2538 221 2613 Nunq
232 2550 328 2597 quoque
335 2538 387 2596 Jam
399 2538 502 2587 nimium
513 2538 619 2599 gaudens
630 2536 785 2599 popularibus
797 2536 870 2587 auris.

148 2624 192 2672 Vn
204 2632 230 2673 et
239 2626 384 2686 Tarquinios
392 2640 469 2687 reges,
481 2628 635 2688 animamque
647 2626 774 2689 superbam

149 2711 244 2761 Ultoris
256 2713 337 2772 Bruti,
347 2714 462 2775 fascisque
473 2715 553 2763 videre
565 2717 692 2777 receptos?

151 2802 265 2851 Conmlis
276 2802 404 2866 imperium
415 2805 455 2854 hie
467 2806 558 2867 primus
569 2820 691 2868 ssevasque
702 2806 793 2855 securis

149 2889 280 2953 Adcipiet3
298 2898 413 2952 natasque
426 2901 501 2954 pater,
514 2907 578 2941 nova
589 2894 653 2941 belia
664 2894 793 2953 moventis,

150 2978 292 3041 Adpoenam
304 2980 389 3041 pulcra
398 2994 442 3043 pro
451 2981 563 3029 libertate
573 2980 676 3040 vocabit,
811 3038 813 3045 Α

155 3067 259 3117 Infelix!
278 3069 415 3129 Uteumque
426 3069 505 3117 ferent
515 3084 544 3118 ea
554 3071 617 3118 faeta
628 3070 734 3117 minores
743 3088 752 3130 ;

154 3155 243 3205 Vrnuet
251 3170 321 3205 amor
331 3157 425 3220 patria,
434 3156 581 3219 laudumque
591 3158 702 3209 inmensa
712 3156 807 3220 cupido.
