2334 3734
423 519 581 570 AENEIDOS
599 521 662 572 tis.
679 521 712 570 II.
925 525 971 575 lto

87 711 92 719 Ι
163 647 216 696 Nec
228 646 348 710 requievit
356 646 434 710 enim,
446 647 524 700 mnes
537 651 671 706 Calchante
682 648 832 700 ministro-

163 735 213 786 sed
223 736 283 798 quid
293 751 338 798 ego
349 737 401 788 hnc
410 746 493 788 autem
506 739 671 802 nequidquam
683 740 779 802 ingrata
788 741 906 791 revolvo?

163 823 258 879 Quidve
270 829 373 875 moror?
393 827 413 876 si
423 827 503 876 omnis
515 843 566 877 uno
577 829 665 878 ordine
675 829 771 880 habetis
782 829 901 892 Achivos,

164 913 240 976 quue
251 905 338 964 audire
349 923 387 964 sat
398 926 452 978 est;
466 916 614 978 jamdudum
625 918 716 968 sumite
726 932 821 982 poeuas.

164 1005 218 1052 IIoc
230 1005 328 1054 Ithacus
339 1005 408 1065 velit,
420 1014 445 1054 et
456 1020 545 1068 magno
562 1016 704 1057 mercentur
715 1009 818 1058 Atridas.
854 1009 857 1014 ’

195 1094 260 1142 'lum
268 1108 326 1142 vero
338 1094 452 1144 ardemus
464 1095 548 1146 scitari
560 1103 586 1145 ct
596 1111 707 1159 quarere
717 1109 828 1158 mussas,

164 1183 245 1244 Ignari
257 1168 376 1234 scelerum
388 1191 515 1234 tantorum
526 1185 636 1248 artistpue
648 1187 769 1248 Pelasgae.

166 1272 326 1335 Prosequitur
337 1273 457 1336 pavitans,
469 1282 494 1322 et
505 1274 562 1324 ricto
569 1282 669 1338 pectore
677 1275 751 1324 fatur.

197 1364 268 1426 Saepe
279 1363 360 1424 fugam
374 1363 451 1412 Danai
458 1365 535 1425 'stoja
546 1363 646 1427 cupiere
654 1363 744 1414 relicta

167 1453 263 1514 Moliri,
276 1461 301 1502 et
311 1454 384 1516 longo
396 1454 455 1502 fessi
466 1453 590 1504 discedere
600 1455 676 1503 hello.

165 1542 335 1605 Fecissentque
345 1543 454 1591 utinam!
474 1556 539 1606 saepe
551 1543 609 1592 illos
619 1556 706 1606 aspera
713 1541 783 1605 ponti

167 1631 307 1682 Interclusit
318 1632 408 1692 hiems,
419 1640 445 1681 et
455 1631 543 1682 terruit
554 1634 646 1682 Auster
657 1632 748 1682 euntis.

166 1723 303 1787 Proecipue,
315 1737 391 1784 quum
396 1724 449 1782 J‘am
460 1722 501 1771 hic
511 1721 621 1771 trabibus
631 1728 761 1770 contextus
771 1719 867 1770 aceruis

168 1813 249 1862 Staret
258 1827 346 1876 equus,
356 1820 409 1862 toto
421 1819 557 1861 sonuerunt
567 1811 659 1860 uthere
670 1809 759 1860 nimbi.

168 1901 284 1965 Suspensi
295 1903 443 1965 Eurypylum
455 1900 568 1950 scitatum
580 1901 681 1950 oracula
689 1898 777 1950 Phoehi

169 1991 302 2052 Mittimus,
314 1991 383 2056 isque
391 1990 468 2054 adytIs
479 1991 533 2040 heac
543 1990 626 2040 histis
635 1989 701 2040 dicta
712 1996 821 2053 reportat
831 2009 837 2036 ε

171 2080 292 2142 Sanguine
298 2080 413 2146 placastis
424 2088 510 2130 ventos
522 2088 548 2130 et
555 2079 650 2142 virgine
659 2093 735 2140 aaa,

172 2172 255 2225 Quum
266 2171 375 2234 primum
387 2169 472 2220 Iliacas
484 2170 563 2220 Danai
574 2169 676 2223 tenutis
687 2169 718 2220 all
729 2183 800 2218 oras:

171 2258 293 2320 smmum
303 2259 428 2323 quarendi
440 2259 543 2320 reditus,
555 2259 686 2326 animaque
696 2257 818 2310 litandum

171 2348 294 2411 Argolica.
328 2349 401 2412 Volgi
412 2362 468 2412 quas
479 2363 528 2398 vox
538 2355 567 2398 ut
577 2348 645 2397 venit
655 2346 687 2396 ad
696 2345 780 2395 auris:

175 2439 331 2502 Obstupuere
339 2437 440 2500 animis,
448 2437 592 2500 gelidusque
599 2451 642 2500 per
649 2436 700 2486 ima
709 2433 819 2486 cucurrit

173 2527 237 2578 Ossa
246 2536 340 2578 tremor
350 2547 358 2592 3
376 2528 416 2577 cui
429 2528 478 2578 fata
485 2535 581 2592 parent,
592 2540 667 2589 quem
673 2531 756 2588 poscat
766 2522 865 2589 Apollo.

174 2618 221 2667 Hic
232 2618 329 2668 Ithacus
338 2625 419 2668 vatem
430 2631 518 2679 magno
532 2617 667 2668 Calchanta
676 2614 785 2666 tumultu

174 2707 301 2761 Protrahit
313 2707 339 2755 in
353 2707 448 2756 medios
459 2726 467 2770 ;
485 2719 541 2768 quta
553 2706 604 2756 sint
613 2718 644 2755 ea
653 2704 756 2754 numina
765 2702 859 2761 divom

175 2797 285 2858 Flagitat.
318 2798 352 2846 Et
363 2795 425 2845 mihi
433 2799 485 2857 jam
497 2795 570 2845 multi
582 2794 682 2844 crudele
692 2794 812 2843 mnebant

173 2885 281 2936 Artificis
294 2885 384 2946 scelus,
396 2893 421 2934 et
432 2884 498 2936 taciti
509 2892 614 2936 ventura
624 2882 746 2932 videbant.

173 2976 218 3026 Bis
229 2975 318 3038 quinos
336 2975 391 3026 silet
402 2975 445 3024 ille
457 2975 521 3048 (iles,
532 2981 659 3035 tectusque
670 2976 766 3025 recum

177 3065 286 3114 Prodere
296 3079 355 3115 voce
366 3077 411 3112 sua
420 3076 579 3126 quemquam,
591 3069 635 3110 aut
644 3071 769 3122 opponere
780 3056 864 3108 morti.

178 3152 226 3203 Vix
232 3152 331 3204 undem
343 3151 437 3214 maguis
449 3150 527 3202 Ithaci
538 3147 688 3200 clamoribus
695 3153 774 3207 acmo,
