2334 3734
219 513 267 561 370
438 496 466 555 n.
481 504 619 555 waeran
637 500 790 551 Minoum

220 642 253 689 Et
263 636 338 687 crinis
347 637 415 686 albos
426 643 452 685 et
461 647 524 683 aava
535 630 668 693 sonoribus
675 642 743 679 arma
753 649 762 691 3

220 730 300 789 Atque
310 726 349 775 his
360 726 484 775 ardentem
495 722 566 772 dictis
577 721 673 771 adfatur
683 720 779 769 lulum:

220 817 258 865 Sit
269 815 338 875 satis,
349 813 468 873 AEneada,
479 812 535 861 telis
546 810 637 873 inpune
649 811 791 859 Numanum

221 903 359 967 Oppetiisse
368 903 436 964 tuin
453 902 556 964 primam
565 901 630 950 hanc
640 898 685 947 tibi
696 910 798 959 magnus
808 896 898 958 Apollo

225 991 342 1041 Concedit
352 991 461 1049 laudem,
473 997 498 1038 et
507 988 606 1051 paribus
617 1002 667 1037 non
679 986 771 1035 invidet
781 984 870 1044 armit3

225 1082 313 1129 Cetera
322 1094 403 1143 parde,
415 1092 485 1141 puer,
495 1078 570 1125 bello.
603 1075 643 1125 Sic
654 1088 724 1123 orsus
736 1074 826 1137 Apollo

225 1168 338 1217 Mortalis
350 1166 431 1219 medio
441 1167 567 1229 adspectus
578 1178 693 1213 mrmnne
702 1161 811 1224 reliquit,

225 1259 258 1306 Et
269 1257 355 1319 procul
366 1255 393 1305 in
404 1264 503 1307 tenuem
515 1270 547 1303 ex
557 1253 636 1303 oeulis
648 1252 747 1303 evanuit
757 1265 849 1303 auram.

225 1346 369 1407 Adgnovere
378 1345 451 1394 deum
463 1359 574 1407 proceres
586 1344 715 1403 divinaque
725 1343 776 1391 tela
835 1346 839 1356 “

225 1434 381 1493 Dardanidae,
393 1434 579 1496 pharetramque
591 1432 651 1491 fuga*
658 1445 756 1479 sensere
767 1437 902 1479 sonantem.

225 1523 291 1582 Ergo
301 1521 398 1569 aridum
408 1535 505 1583 pugne,
515 1519 587 1569 dietis
598 1534 625 1569 aa
636 1519 739 1567 numine
749 1517 847 1578 Pboebi,

225 1611 359 1659 Aseanim
370 1609 516 1671 prohibent-3
531 1608 579 1671 ipsi
591 1607 616 1655 in
627 1608 759 1655 certamina
768 1619 854 1655 rursm

227 1703 373 1762 Suouedunt,
384 1702 526 1763 animaeque
535 1700 562 1748 iu
574 1708 657 1763 aperta
668 1699 777 1762 pericula
786 1699 896 1749 mittunt.

229 1793 252 1839 lt
263 1792 356 1840 clamor
366 1790 425 1839 totis
436 1804 480 1851 per
487 1790 670 1851 propugnacula
681 1788 775 1849 muris3
831 1846 839 1855 ,

228 1878 361 1927 lntendunt
371 1878 433 1926 acris
445 1891 526 1937 meus,
537 1885 681 1937 amentaque
690 1883 814 1939 torquent.

229 1967 351 2016 Sternitur
361 1980 435 2015 omne
445 1968 527 2014 solum
537 1965 593 2013 telis
606 1985 613 2027 3
632 1973 684 2014 tum
696 1974 764 2015 senta
774 1979 885 2027 caveque

227 2056 293 2103 Dant
303 2054 411 2103 sonituum
422 2053 489 2101 flictu
500 2054 592 2114 palem
609 2068 691 2115 pugna
702 2066 787 2115 aspera
797 2052 889 2113 srugb:

229 2142 340 2195 Quantum
351 2142 382 2189 ab
393 2154 480 2189 oocasu
491 2141 600 2200 veniens,
612 2140 758 2202 pluvialibus
771 2139 866 2199 salu,

230 2230 348 2277 Verberat
358 2228 435 2277 imber
446 2229 566 2290 humum3
583 2242 657 2290 quam
666 2230 743 2277 multa
753 2227 868 2289 grandine
879 2226 957 2275 nimbi

229 2318 258 2363 ln
267 2318 329 2365 vada
339 2318 498 2380 praecipitant,
510 2332 586 2378 quum
598 2318 710 2379 luppiter
720 2317 835 2366 horridus
846 2316 934 2365 ansuis

230 2408 339 2467 Torquet
348 2420 464 2467 aquosam
475 2407 591 2465 hiemem,
604 2413 628 2455 et
639 2407 701 2455 uoelo
713 2420 770 2455 cava
781 2406 864 2455 nubila
875 2404 975 2469 rumpit.

264 2492 388 2541 Pandarus
399 2501 424 2540 et
435 2492 523 2551 Bitias,
535 2494 600 2541 ldaen
611 2495 733 2543 Alcanore
742 2495 813 2555 eruti,

232 2581 300 2634 Quos
310 2581 326 2628 J
328 2579 379 2627 ovis
391 2580 475 2629 eduxit
484 2582 541 2629 luco
552 2582 667 2630 silvestris
680 2584 750 2643 laert,

230 2668 357 2717 Abietibus
365 2670 466 2728 juvenes
477 2670 561 2731 patriis
571 2678 596 2718 et
603 2650 729 2719 'montibus
740 2684 833 2733 aequos,

232 2758 342 2815 Portam,
353 2770 406 2817 quae
417 2757 484 2805 dumis
495 2755 597 2818 imperio
608 2758 739 2818 conmissa,
751 2756 880 2807 recludunt

232 2844 298 2895 Freti
310 2846 395 2905 armis,
403 2847 515 2907 ultroque
527 2846 630 2895 inritant
641 2848 761 2895 moenibus
771 2847 873 2897 hostem

233 2934 281 2997 lpsi
292 2934 358 2982 intus
367 2934 453 2983 dextra
462 2949 491 2983 ae
501 2936 561 2982 laeva
569 2948 615 2996 pro
625 2934 732 2985 turribus
742 2934 840 2983 adstant

232 3024 329 3072 Armati
338 3024 415 3084 terro,
426 3032 452 3072 et
461 3024 541 3072 cristis
552 3023 631 3085 capita
640 3024 690 3073 alta
700 3024 809 3074 corusci:

229 3112 320 3165 Quales
331 3111 403 3170 aeriae
413 3113 532 3174 liquentia
541 3112 644 3159 flumina
652 3112 756 3173 circum,
