2334 3734
411 522 568 572 AENEIDOS
582 521 645 569 ala.
662 523 705 571 lx.
849 552 850 556 =
900 524 947 573 369

148 654 205 701 Non
216 651 274 700 tulit
285 650 402 702 Ascanius
408 673 416 715 ς
434 666 555 715 nervoque
565 655 681 704 obversus
692 655 780 717 equino

115 793 120 801 ,
149 739 257 790 Intendit
266 741 354 801 telum,
367 740 507 804 diversaque
518 743 617 791 brachia
627 744 717 794 ducens
857 737 861 743 ’

150 830 276 891 Constitit,
287 833 442 880 antedonem
453 833 554 896 supplex
564 848 608 896 per
620 842 676 883 vota
686 842 809 897 proeotusz

148 920 262 983 luppiter
273 920 438 983 omnipotens,
449 920 578 971 audacibus
590 922 669 971 adnue
679 923 772 985 coeptis.

150 1012 203 1074 lpse
214 1011 258 1059 tibi
269 1011 300 1065 ad
311 1019 354 1059 tun
364 1012 456 1075 templa
466 1012 543 1061 feram
554 1013 684 1063 sollemnia
694 1013 769 1075 dona,

148 1100 181 1147 lit
192 1106 296 1147 staturam
307 1107 363 1149 ante
371 1114 425 1149 uras
436 1108 521 1149 aurata
531 1103 613 1151 fronte
622 1104 752 1163 juvencum

150 1187 309 1247 Gaudentem,
322 1188 459 1251 pariterque
469 1196 540 1251 capnt
549 1204 607 1262 curn
619 1197 697 1240 matre
708 1190 835 1249 ferentem,

151 1278 166 1325 J
169 1290 208 1324 am
216 1290 293 1325 cornu
303 1285 368 1339 petet
378 1285 404 1325 et
414 1276 513 1339 podibus
523 1277 565 1339 qui
575 1285 671 1340 spargat
682 1292 788 1327 arenam.

148 1364 234 1414 Audiit
244 1373 269 1413 et
279 1366 335 1418 ooeli
347 1365 449 1415 Genitor
460 1366 490 1414 de
501 1374 569 1429 parte
578 1382 664 1417 serena

149 1453 259 1503 intonuit
269 1455 357 1503 lterum
369 1474 374 1503 ι
392 1460 522 1503 sonatuna
531 1455 614 1503 fatifer
626 1469 705 1503 arcus.

148 1541 239 1603 Effugit
249 1541 399 1589 horrendum
410 1540 514 1590 stridens
525 1541 628 1591 adducta
639 1542 739 1603 sagitta:

149 1629 243 1691 Perque
253 1638 326 1692 caput
337 1629 434 1677 Remuli
446 1628 523 1691 venit,
534 1636 626 1697 etcava
637 1636 747 1692 tempora
757 1631 822 1679 ferro

148 1717 257 1778 l'rau'icit.
291 1720 313 1777 l,
326 1717 404 1767 verbis
416 1718 531 1768 virtutem
542 1718 625 1767 inlude
636 1700 753 1781 superbis.

147 1805 190 1854 Bis
201 1806 265 1868 capti
279 1806 382 1871 Phryges
393 1808 446 1855 haec
457 1807 553 1857 Rutulis
565 1820 681 1870 responsa
692 1806 826 1856 remittunt.

149 1895 202 1942 Hoc
212 1902 306 1943 tantum
319 1895 446 1945 Ascanius.
478 1896 566 1946 Teucri
577 1898 685 1945 clamore
695 1903 838 1957 sequuntur,

95 2047 97 2053 Ι
149 1981 290 2043 Laetitiaque
301 1983 420 2043 fremunt,
432 1984 573 2047 animosque
584 1986 616 2035 ad
628 1985 707 2035 sidera
717 1986 816 2033 tollunt.

148 2070 259 2119 AEtherla
266 2078 318 2119 mm
329 2071 393 2119 forte
403 2072 473 2134 plaga
483 2073 584 2122 crinitus
595 2074 685 2135 Apollo

148 2162 257 2223 Desuper
268 2159 389 2207 Ausonias
399 2160 462 2207 acies
474 2162 607 2221 urbemque
615 2160 721 2219 videbat,

149 2248 222 2297 Nube
234 2246 330 2305 sedens,
343 2253 415 2308 atque
425 2246 464 2295 his
475 2247 591 2303 rictorem
602 2247 697 2295 adfatur
710 2237 805 2299 lulum:

148 2338 230 2385 Macte
241 2350 305 2385 nova
313 2335 411 2395 virtue,
423 2350 483 2399 puer
492 2356 499 2396 ;
533 2335 568 2384 sic
578 2336 628 2383 itur
640 2335 670 2383 ad
681 2343 755 2395 astra,
811 2352 816 2361 ·

150 2425 198 2474 Dls
209 2423 298 2485 genite,
310 2431 334 2472 et
344 2422 454 2484 geniture
464 2422 530 2472 deos.
562 2423 719 2491 Jurcyomnia
729 2422 794 2471 bella

150 2513 228 2561 (lente
239 2513 285 2561 sub
295 2512 407 2561 Assaraci
419 2513 469 2561 fato
480 2519 583 2561 renarra
593 2510 707 2561 resident.

152 2601 203 2648 Nec
214 2608 239 2650 te
249 2603 325 2661 Tr0Ja
335 2600 407 2663 capit.
440 2601 530 2660 Simul,
541 2602 594 2649 haec
605 2600 701 2661 effatus,
713 2601 744 2649 ab
754 2601 804 2649 alto

149 2688 250 2737 AEthcre
262 2703 287 2737 se
298 2689 384 2749 mittit,
398 2688 512 2752 spirantis
520 2688 626 2737 dimovet
637 2702 718 2749 auras,

153 2778 331 2839 Ascaniumque
341 2778 408 2840 petit.
442 2779 557 2827 Formam
567 2785 620 2825 tum
631 2777 732 2825 vertitur
744 2775 795 2825 orie

149 2865 284 2927 Antiquam
296 2865 321 2913 in
332 2868 421 2915 Buten.
454 2867 501 2916 llic
513 2866 638 2915 Dardanio
647 2865 760 2915 Anchisae

152 2954 266 3015 Armiger
276 2962 333 3022 ante
342 2955 399 3014 fuit,
412 2955 520 3018 fidusque
531 2956 562 3004 ad
570 2956 657 3004 limina
668 2960 767 3014 custos3

149 3043 215 3090 'l'um
225 3042 339 3091 comitem
351 3042 456 3091 Ascanio
467 3051 534 3106 pater
545 3043 645 3092 addidit.
679 3043 731 3091 lbat
742 3042 830 3105 Apollo

155 3129 245 3179 Omnia
255 3131 364 3192 longaevo
376 3129 474 3192 similis,
486 3145 627 3193 vocemque,
639 3132 803 3195 coloremque,

475 3221 584 3282 ‚2a
