2334 3734
357 558 362 567 .
396 521 552 573 AENEIDOS
570 523 632 573 ΗΒ.
649 524 693 571 XI.
903 523 950 569 425

153 652 216 701 Ecce
227 650 288 711 ruit‚'
296 650 438 713 magnisque
449 652 534 699 unbem
546 650 681 699 terroribus
692 649 784 712 inplet:

152 741 286 790 lnsnnctos
298 739 348 789 acie
359 739 476 789 'liberino
487 754 501 788 s
512 739 613 788 flumine
624 740 733 791 nenos

151 829 349 893 Tyrrhenamque
360 842 459 878 menum
470 829 528 877 totis
540 828 685 877 descendere
694 826 793 889 campis.

151 919 282 982 Extemplo
292 920 382 969 turbati
393 918 479 978 enimi,
489 933 655 981 concussaque
664 919 729 979 volgi
767 959 770 964 ⁴

151 1007 263 1066 Pectora,
275 1014 300 1055 et
309 1007 411 1055 adrectoe
422 1008 526 1056 stimulis
536 1008 603 1055 haud
614 1007 729 1056 mollibus
739 1006 791 1055 irae.

151 1096 228 1143 Arma
238 1109 312 1143 manu
323 1095 411 1158 trepidi
422 1081 541 1157 poscunt';
559 1094 643 1143 fremit
652 1074 841 1154 nunciarentur
849 1114 869 1155 3-

145 1183 221 1247 J'lent
231 1184 309 1232 nraesti
321 1191 476 1244 mussantque
487 1190 575 1244 patres.
609 1182 656 1230 Hic
667 1182 773 1243 undique
784 1183 876 1230 clamor

150 1273 269 1342 Discenen
278 1274 345 1323 vario
357 1287 459 1335 magnus
470 1287 496 1321 se
507 1266 580 1321 tollit*
583 1272 609 1321 in
620 1258 703 1322 ἔντυε

151 1361 222 1411 Haud
234 1375 312 1421 secus,
324 1369 395 1423 utque
405 1363 455 1411 alto
464 1361 490 1409 in
501 1361 557 1409 luco
569 1375 625 1409 cum
637 1361 700 1409 torte
711 1367 812 1409 ceterue

130 1494 133 1503 .
150 1448 288 1499 Consedere
300 1450 523 1513 avinm‚piscosove
534 1464 606 1503 amne
618 1449 717 1499 Pcdusss

148 1540 214 1587 Dent
224 1539 332 1588 sonituum
343 1539 408 1588 rauci
420 1554 463 1602 per
475 1548 559 1600 stagna
570 1539 681 1600 loquacia
690 1538 767 1601 cycni.

149 1629 238 1688 lmmo,
250 1628 295 1688 ait,
306 1643 321 1677 ο
333 1628 408 1689 cives,
420 1629 519 1692 adrepto
529 1637 649 1691 tempore,
660 1630 770 1688 iirrnns,

149 1716 235 1777 Cogite
241 1718 382 1777 concilium,
394 1727 419 1766 et
428 1732 512 1781 pacem
523 1718 620 1767 laudate
631 1717 755 1766 sedentes:

148 1804 188 1853 Illi
199 1806 274 1853 armis
284 1805 309 1853 in
322 1820 396 1867 regna
407 1815 487 1855 ruent.
521 1807 572 1855 Nec
583 1808 655 1869 plura
664 1807 760 1855 loeutus

148 1894 277 1957 Conripuit
288 1908 341 1945 sese
351 1903 375 1944 et
386 1897 455 1945 tectis
468 1896 529 1945 citus
540 1898 630 1946 extulit
639 1895 703 1945 altis.

146 1986 195 2045 Tu,
206 1985 308 2045 Voluse,
320 1988 409 2036 armari
420 1987 565 2036 Volscorurn
577 1988 644 2037 edice
656 1987 770 2052 maniplis
780 2010 788 2052 3

146 2074 209 2134 Duc,
221 2074 265 2133 cit,
277 2081 302 2121 et
313 2076 425 2123 Rutulos.
458 2075 580 2136 Equitem,
593 2077 731 2139 Messapus,
739 2077 766 2125 in
776 2076 861 2137 armis,

147 2162 245 2211 Etcum
257 2163 333 2210 fratre
346 2164 434 2221 Coras,
447 2156 503 2211 latis
514 2163 641 2211 diffundite
651 2164 751 2228 oempis.

147 2251 206 2299 Pars
217 2250 296 2299 editus
308 2250 375 2299 urbis
386 2250 494 2309 firment,
505 2258 633 2311 turresque
642 2258 780 2312 amant:

66 2386 68 2391 .
148 2341 244 2401 Cetera,
257 2344 496 2403 quajusso,1necum
509 2354 595 2389 manus
608 2342 697 2389 inierat
707 2354 784 2389 nme

147 2431 215 2481 Ilicet
226 2432 251 2480 in
263 2438 347 2481 muros
357 2439 409 2481 tota
420 2430 563 2480 discurritur
576 2433 642 2480 urbe.

148 2520 284 2569 Concilium
292 2521 343 2583 ipse
354 2528 421 2583 pater
433 2528 457 2569 et
469 2532 556 2579 magna
566 2519 661 2581 incepto
671 2520 772 2570 heduus

146 2610 251 2670 Deserit,
262 2624 290 2659 cc
302 2611 367 2659 tristi
377 2612 487 2659 turpatus
499 2617 608 2672 ternpore
619 2609 718 2671 diiiert;

62 2762 64 2767 ,
144 2698 272 2760 Multaque
283 2713 309 2747 se
320 2700 423 2759 incusat,
435 2699 476 2761 qui
488 2713 538 2747 non
550 2698 672 2760 adceperit
682 2700 749 2747 ultro

146 2786 296 2835 Dardanium
307 2788 411 2848 AEnean,
423 2802 585 2850 generumque
595 2787 724 2836 adsciverit
734 2786 797 2835 urbi.

146 2874 297 2925 Praeiodiunt
305 2875 347 2923 aiii
358 2884 450 2939 portae,
461 2885 503 2926 cut
513 2891 573 2925 saxa
583 2876 702 2937 sudesque

145 2969 299 3017 Subnectam.
332 2968 403 3016 Bello
414 2967 455 3015 dat
466 2968 562 3028 signum
574 2981 647 3016 rauce
656 2974 785 3015 cruentum

145 3052 260 3104 Buccina.
292 3055 358 3103 ium
369 3068 452 3103 muros
463 3056 529 3104 varie
539 3055 639 3103 cinxere
649 3068 740 3103 corona
765 3108 769 3112 ,

145 3144 266 3193 Metronze
276 3143 409 3207 puerique3
425 3150 495 3192 vocet
504 3144 575 3193 labor
585 3142 687 3192 ultimus
698 3144 786 3192 omnis.
