2334 3734
216 481 263 529 474
443 448 624 527 n'vrnornu
641 475 795 526 ursonis

214 607 251 654 'l'e
262 604 325 666 sine,
337 606 422 665 frater,
434 606 499 655 erit?
520 606 542 656 0
555 620 608 667 quae
619 612 671 653 sata
681 603 732 651 alta
742 600 850 650 dehiscat

215 694 294 742 Terra
304 693 376 753 mihi,
388 692 517 757 Manisque
528 694 598 742 deam
610 690 721 740 demittat
731 689 762 737 nd
772 688 855 737 imos?

216 782 322 831 'lantum
335 784 415 841 effata,
427 792 498 845 caput
509 785 593 843 glauco
602 780 712 831 contexit
721 778 811 828 amictu

217 873 298 920 Multa
307 886 415 932 gemens,
427 880 485 918 etse
497 871 570 918 fluvio
579 871 625 919 dea
635 867 745 918 condidit
755 867 813 914 alto.

248 962 338 1009 AEneas
350 960 424 1008 instat
434 968 530 1019 contra,
543 961 666 1022 telumque
675 963 786 1006 coruscet

215 1049 303 1108 Ingens
312 1049 451 1107 arboreum,
463 1058 488 1097 et
498 1063 561 1097 saevo
574 1048 608 1096 sic
621 1056 718 1110 pectore
729 1049 810 1096 fatur:

217 1136 440 1190 Qunnuncdeinde
447 1138 575 1185 moraest?
596 1131 765 1199 antqnidJam',
776 1137 1014 1195 lirrne,retractas?

217 1225 275 1272 Non
286 1239 369 1284 cursu,
382 1225 450 1273 saevis
462 1225 603 1274 certandum
618 1232 655 1273 est
665 1224 801 1272 cornminus
813 1223 896 1272 armis

218 1305 293 1361 Verte
305 1312 385 1361 omnis
397 1320 445 1361 tete
456 1313 481 1361 in
495 1312 584 1374 lacies3
602 1321 627 1362 et
636 1314 764 1373 contrahe,
776 1312 892 1375 quidquid

221 1398 276 1448 Siue
289 1400 388 1460 animis,
401 1399 450 1448 sive
462 1408 514 1449 arte
524 1402 607 1462 vales3
624 1409 681 1463 opta
690 1401 767 1449 ardun
776 1400 862 1463 pennis
933 1450 937 1454 ,

222 1488 297 1535 Astra
307 1486 384 1548 sequi,
396 1489 535 1536 clausumve
547 1501 605 1536 cava
616 1495 641 1536 te
651 1488 757 1536 condere
766 1495 842 1535 terra.
909 1544 912 1548 ,

222 1576 268 1623 llle
278 1584 350 1638 caput
361 1590 488 1637 quassans,
500 1578 557 1623 Non
568 1591 608 1624 me
618 1583 662 1625 tua
672 1576 765 1624 fervida
776 1583 870 1624 terrent

221 1662 301 1723 Dicta,
313 1665 400 1727 ierox;
417 1665 445 1713 dl
457 1679 496 1713 me
504 1672 606 1724 terrent,
615 1674 640 1713 et
651 1667 666 1713 J
669 1665 763 1727 nppiter
772 1664 859 1714 hostis.

223 1752 274 1799 Nec
283 1753 354 1815 plura
364 1754 461 1813 effatus,
470 1767 556 1801 saxum
567 1752 731 1815 circumspicit
741 1752 836 1815 iugens,

222 1840 314 1888 Saxum
327 1840 464 1901 antiquum,
475 1842 575 1901 ingens,
582 1856 669 1904 campo
679 1841 745 1903 qnod
755 1842 819 1889 forte
826 1841 933 1901 lacebat,

224 1926 305 1975 Limes
317 1941 375 1987 agro
386 1927 490 1989 positus,
502 1928 570 1976 litem
581 1938 610 1976 nt
621 1929 770 1978 discerneret
778 1929 841 1977 anis
852 1948 857 1975 ε

222 2012 271 2062 Vix
282 2014 343 2062 illud
355 2014 410 2061 lecti
433 2014 471 2061 bis
483 2028 526 2062 sex
537 2016 629 2063 cervice
639 2016 759 2075 subirent,

222 2102 312 2154 Qualia
323 2118 388 2152 nunc
398 2102 527 2151 hominum
538 2102 650 2165 producit
660 2118 764 2167 corpora
774 2104 846 2153 tellus
857 2124 865 2166 3

222 2191 268 2239 Ille
279 2204 354 2240 manu
365 2199 462 2254 raptum
472 2191 566 2254 trepida
576 2193 705 2253 torquebat
715 2192 741 2239 in
752 2193 859 2253 hostem,

222 2279 304 2329 Altior
315 2280 451 2342 insurgens,
463 2289 487 2329 et
497 2295 570 2329 cursu
581 2280 701 2340 concitus,
713 2281 796 2329 heros.

223 2368 273 2417 Sed
284 2383 362 2431 neque
370 2376 507 2417 currentem
519 2382 555 2429 se,
567 2383 611 2417 nec
622 2368 864 2429 cognosocentem,

176 2498 179 2502 .
221 2456 393 2505 Tollentemve
404 2471 479 2505 mann
489 2470 624 2518 saxumque
635 2457 732 2506 inmane
745 2438 898 2515 moventem

223 2544 310 2592 Genua
320 2544 414 2603 labant,
426 2544 520 2604 gelidus
529 2544 651 2593 concrevit
660 2545 750 2605 frigore
761 2545 868 2607 sanguis.

222 2632 288 2679 'nrm
300 2632 361 2694 lapis
372 2632 423 2692 ipse
431 2632 487 2691 viri,
497 2646 600 2681 vacuum
611 2646 654 2693 per
664 2632 736 2681 inane
746 2635 853 2692 volturis,

225 2720 276 2767 Nec
287 2718 392 2781 spatium
404 2709 480 2768 evasit
489 2727 580 2780 totum,
592 2736 636 2769 nec
645 2722 744 2783 pertulit
755 2721 839 2769 ictum.

223 2808 259 2857 Ac
269 2807 336 2857 velut
346 2808 371 2856 in
383 2809 486 2869 somnis,
498 2811 581 2858 oculos
593 2810 634 2857 nbi
644 2811 758 2871 longuida
765 2810 853 2873 pressit

164 2950 167 2957 Δ
223 2896 302 2944 Nocte
313 2896 391 2957 quies,
404 2894 568 2959 nequidquam
580 2897 663 2946 avidos
675 2897 804 2947 extendere
815 2911 900 2946 cursus

223 2983 292 3031 Velle
303 2982 423 3043 videmur,
434 2986 495 3033 etin
508 2984 593 3033 mediis
604 2985 731 3034 conatibus
740 2984 797 3046 agri

224 3069 392 3131 Succidimus3
410 3084 460 3118 non
472 3072 637 3132 linguavalet,
647 3086 696 3120 non
709 3086 811 3135 corpore
822 3080 886 3121 notae
