2334 3734
403 512 560 562 AENEIDOS
578 513 641 561 LIB.
657 512 702 561 xl.
907 510 954 559 427

156 643 194 691 ‘l'u
206 641 278 705 pedes
290 640 321 691 ad
332 654 415 691 muros
429 640 543 700 subsiste,
555 647 580 688 et
590 638 683 689 moenia
692 652 770 689 serra

155 730 292 780 'llrrnusad
302 731 365 790 hec,
372 730 460 792 peruios
472 728 595 777 horrenda
604 729 630 777 in
639 728 733 790 virgine
743 729 821 777 druse

157 818 261 869 Odeum
273 819 360 879 ltaliae,
371 819 449 880 virgo,
461 832 520 880 ques
531 817 611 867 dicere
621 819 706 879 gratis,

156 908 251 962 Quaere
262 908 353 957 referre
364 909 466 970 peremi
486 907 529 955 sed
541 922 617 967 nunc,
628 915 666 956 est
675 906 759 956 omnia
769 906 866 968 quaudo
883 920 890 929 ·

156 995 205 1046 lste
217 995 313 1045 animus
325 1010 407 1058 supra,
420 1009 515 1045 meeum
527 996 617 1059 partire
628 997 747 1047 laborem.

155 1084 256 1144 AEueas,
267 1091 295 1133 ut
304 1085 369 1133 fama
380 1084 453 1133 iidem
465 1083 580 1146 missique
592 1092 718 1148 reportant

155 1172 340 1234 Exploratores,
350 1172 459 1233 equitum
471 1171 535 1221 levia
545 1172 662 1234 inprobus
672 1184 741 1221 arma

155 1260 285 1321 Praemisit,
293 1267 420 1323 quaterent
430 1273 542 1321 campos:
562 1260 613 1322 ipse
623 1258 699 1308 ardua
709 1257 800 1307 montis

154 1352 201 1401 Per
211 1352 306 1401 deserta
313 1353 372 1412 iugo
384 1364 500 1413 superans
511 1349 625 1399 adventat
634 1346 667 1396 ad
677 1348 770 1397 urbem.

154 1440 229 1490 Furta
239 1454 298 1503 paro
309 1440 368 1490 belii
378 1453 488 1489 convexo
500 1439 525 1487 in
536 1437 634 1487 tramite
645 1437 721 1499 silve,

155 1531 191 1579 Ut
202 1530 278 1580 bivias
290 1538 385 1581 mmato
393 1530 503 1580 obsidem
514 1528 594 1578 milite
603 1530 694 1578 fauces.

150 1620 193 1679 ‚lu
203 1619 357 1683 Tyrrhenum
369 1620 475 1683 equitem
485 1620 588 1669 conlatis
599 1619 683 1681 exeipe
693 1616 782 1678 signis:

153 1708 247 1757 Tecum
257 1722 312 1757 seer
324 1710 451 1772 Messapus
462 1708 518 1769 erit,
531 1716 666 1769 turmaeque
676 1706 780 1765 Latinae,
831 1756 836 1765 ,

153 1795 304 1860 Tiburnique
317 1812 404 1848 manus
416 1820 421 1848 ι
439 1797 507 1846 ducis
518 1803 543 1845 et
551 1804 578 1846 tu
590 1795 690 1858 ooneipe
700 1808 793 1844 curam.

153 1884 193 1935 Sic
203 1884 247 1946 ait,
259 1893 284 1935 et
293 1886 391 1950 paribus
403 1888 543 1949 Messapum
554 1886 580 1935 in
592 1885 679 1949 proeiia
689 1884 760 1933 dictis

153 1974 283 2035 Hortatur,
293 1974 417 2038 sociosque
429 1976 518 2039 duees;
533 1983 558 2025 et
568 1975 647 2039 pergit
658 1975 684 2023 in
695 1975 801 2023 hostem.

151 2062 196 2111 Est
206 2076 280 2111 curro
291 2065 401 2111 anfractu
411 2064 497 2123 valles,
508 2064 668 2113 adcommoda
678 2063 758 2113 fraudi

151 2154 333 2214 Armorumque
341 2151 404 2200 dolis
415 2171 424 2214 ς
442 2166 516 2214 quam
525 2152 607 2201 densis
618 2152 746 2200 frondibus
757 2157 839 2199 atrum

153 2240 249 2301 Urguet
259 2239 382 2301 utrimque
393 2241 475 2302 latus3
491 2240 570 2289 tenuis
581 2254 630 2301 quo
641 2240 729 2289 semita
738 2238 817 2298 ducit,

151 2318 315 2391 Angustaque
326 2330 409 2379 ierunt
420 2331 500 2379 fauces
511 2329 638 2392 aditusque
648 2328 757 2391 maligni.

154 2417 224 2467 lianc
236 2431 307 2481 super
320 2417 345 2466 in
357 2418 461 2482 speculis
472 2432 616 2479 summoque
626 2417 653 2466 in
663 2416 752 2466 rertioe
762 2413 854 2465 montis

152 2505 268 2555 Planities
279 2484 362 2569 ignota
369 2509 444 2568 lacet,
456 2504 551 2569 ursique
563 2514 693 2570 reeepuss3

151 2592 199 2642 Seu
210 2593 296 2644 dextra
306 2596 413 2658 laevaque
425 2595 484 2645 velis
495 2610 624 2645 occurrere
634 2609 735 2657 pugnet

152 2681 207 2731 Sive
218 2682 309 2732 instare
317 2684 393 2747 jugis,
404 2692 430 2734 et
440 2684 541 2746 grandia
551 2685 648 2733 volvere
657 2698 725 2733 saxa

152 2771 207 2820 Huc
215 2772 310 2832 iuvenis
321 2782 381 2823 nota
391 2775 469 2824 fertur
480 2774 579 2837 regione
589 2774 684 2824 riarum
694 2794 703 2837 3

150 2858 310 2923 Adripuitque
320 2862 402 2911 locum
405 2899 413 2924 ‚
422 2871 448 2913 et
458 2863 525 2913 silvis
535 2863 626 2912 insedit
636 2861 735 2924 iniquis.

182 2952 297 3001 Velocem
309 2953 402 3002 interea
412 2954 503 3017 superis
515 2954 541 3003 id
554 2954 650 3003 sedibus
661 2951 747 3015 Opim,

153 3039 235 3087 Unam
247 3052 278 3089 ex
286 3038 417 3103 virginibus
427 3041 499 3091 sociis
509 3056 625 3104 sacraque
635 3048 740 3101 caterva,

154 3127 323 3192 conpellabat,
333 3136 358 3179 st
368 3129 411 3180 les
421 3128 497 3181 tristis
508 3130 612 3181 Latonia
620 3142 692 3179 voces
