2334 3734
208 525 257 571 322
432 521 460 569 P.
476 522 614 569 VIRGILll
633 521 786 570 MABONIS

210 649 327 708 lidoceet
338 649 474 709 multasque
484 648 538 695 riro
548 662 575 696 se
585 648 716 709 adjungere
727 648 804 709 gentis

209 739 343 799 Dar-dumio,
354 747 380 787 et
389 740 438 786 late
449 730 519 786 Latio
529 738 708 786 increbrescere
718 752 817 803 nomen.

210 826 274 880 Quid
285 833 363 874 struat
371 826 410 873 his
420 826 517 887 ereptis,
528 840 612 886 quem,
624 826 644 873 si
656 826 764 874 Fortuna
775 833 899 887 sequatur,

209 916 329 963 lieentum
339 928 424 976 pugnae
434 914 526 976 cupha,
537 914 690 962 manifestius
701 913 758 975 iqui,

213 1004 292 1056 Quam
303 1004 390 1049 'lurno
400 1002 462 1062 regi,
473 1008 515 1049 aut
525 1002 576 1061 regi
587 1001 702 1063 adparere
713 1001 809 1049 Latino.

243 1091 315 1139 Talia
322 1106 365 1153 per
376 1091 486 1139 Latium
503 1092 557 1152 quae
567 1091 757 1139 Laomedontius
767 1091 841 1139 heros

213 1180 308 1228 Cuncta
317 1179 412 1238 ridens,
423 1192 511 1239 magno
521 1192 637 1226 curarum
648 1179 749 1227 llncmat
756 1188 834 1240 κως

212 1269 292 1328 Atque
302 1266 411 1314 animum
422 1281 488 1313 nunc
498 1266 547 1315 huc
556 1268 672 1326 celerem,
684 1282 749 1315 nune
760 1266 845 1315 dividit
855 1267 924 1327 illuc,
976 1292 979 1300 ·

212 1359 240 1404 ln
252 1332 443 1420 nartinquerapit
451 1356 540 1417 varias,
550 1370 641 1418 perque
651 1356 735 1405 omnia
744 1365 831 1407 versat
920 1398 924 1405 .

211 1444 279 1493 Sicut
289 1459 358 1507 aque
367 1445 500 1493 tremulum
510 1445 585 1493 labris
595 1445 637 1493 ubi
648 1446 732 1493 lumen
744 1446 811 1494 aenis

214 1532 272 1583 Sole
282 1546 460 1595 repercussum,
471 1542 513 1581 aut
523 1532 639 1581 rssinntis
651 1532 755 1593 imagine
763 1532 849 1593 Lunae,

214 1619 305 1667 Omnia
315 1621 443 1682 pervolitat
451 1621 501 1668 late
511 1621 575 1680 loen,
587 1622 685 1682 Jamque
697 1622 743 1669 sub
753 1635 824 1670 aurae

130 1754 138 1769 ,
214 1706 332 1768 Erigitur,
344 1708 479 1769 summique
490 1708 546 1757 ierit
557 1709 680 1769 laquearia
690 1709 755 1758 tecti.

211 1796 273 1843 ¹Nox
283 1803 348 1843 erat:
366 1804 392 1843 et
401 1804 478 1845 terras
489 1796 605 1845 animalia
616 1799 680 1847 fessa
690 1813 734 1861 per
745 1798 826 1847 omnis
848 1839 852 1845 .
888 1834 891 1841 -

216 1882 327 1931 Alituum
339 1883 503 1945 pecudumque
514 1898 590 1944 genus
602 1900 675 1947 sopor
687 1888 751 1935 altus
762 1888 879 1936 habebat:

217 1973 299 2025 Quum
309 1979 378 2033 parer
389 1970 414 2018 in
423 1971 476 2033 ripa
486 1971 606 2032 gelidique
618 1975 663 2022 sub
675 1974 771 2023 retineris
782 1989 828 2023 axe

216 2059 316 2118 AEneus,
327 2058 392 2106 tristi
402 2060 512 2107 turbatus
523 2068 622 2121 pectora
631 2062 708 2122 bello,

217 2144 358 2204 Procubuit,
368 2159 495 2208 seramque
506 2135 573 2196 dedit
582 2163 626 2211 per
638 2134 747 2199 membra
757 2136 872 2211 quietemss

144 2232 150 2237 '
218 2230 282 2280 Huic
293 2232 352 2281 deus
363 2233 414 2295 ipse
423 2234 473 2282 loci
484 2235 558 2283 durio
569 2236 700 2285 Tiberinus
711 2250 807 2287 amoeno

218 2321 337 2386 Populeas
347 2321 412 2369 inter
423 2322 504 2371 senior
516 2337 542 2371 se
552 2323 671 2388 adtollere
682 2324 776 2373 frondis

217 2406 307 2470 Visus3
323 2422 379 2457 eum
390 2410 469 2457 tenuis
480 2411 565 2469 glauco
575 2412 670 2459 velabat
680 2411 769 2460 amictu

218 2494 349 2555 carbasus,
362 2504 387 2544 et
396 2496 471 2544 crinis
481 2499 598 2546 umbrosa
607 2500 702 2559 tegebat
713 2497 822 2560 arundo;

217 2583 282 2630 'l'um
293 2582 328 2630 sic
338 2582 426 2641 adfari,
438 2591 464 2630 et
473 2598 543 2632 curus
556 2586 595 2632 his
606 2585 702 2639 demere
713 2585 798 2633 dictis:
828 2606 831 2615 ·

249 2670 273 2717 0
284 2676 335 2717 sate
345 2663 416 2729 g‘ente
426 2664 512 2730 deum‚‘
521 2673 653 2731 'lrojanam
664 2686 695 2721 ex
707 2673 817 2721 hostibus
829 2674 915 2723 urbem

217 2754 266 2808 Qui
278 2754 371 2802 revehis
382 2755 613 2819 nobis,'teternaqne
626 2744 743 2819 Pergama
753 2772 844 2819 servas,

217 2844 361 2904 Exspectate
371 2844 423 2892 solo
435 2845 551 2893 Laurenti
561 2846 672 2907 arvisque
683 2847 787 2907 Latinis,

219 2929 265 2978 llic
276 2929 321 2979 tibi
332 2938 397 2979 certa
407 2932 511 2994 domus;
528 2933 599 2993 certi,
611 2946 643 2981 ne
654 2934 752 2995 absiste,
764 2936 866 2984 Penates
876 2955 884 2998 ;

219 3018 274 3064 Neu
284 3018 342 3068 belli
354 3026 445 3067 terrere
456 3014 538 3070 ruinis.
570 3020 665 3071 'humor
675 3022 755 3071 omnis
765 3031 791 3071 et
801 3023 846 3071 irae

221 3102 367 3153 Concessere
379 3105 459 3155 deum.
