2334 3734
432 539 592 592 AENEIDOS
609 541 672 590 ΗΒ.
691 541 724 591 11.
937 543 980 592 151

173 669 220 718 Fas
231 666 312 718 odisse
322 666 398 731 viros,
409 676 482 732 atque
492 665 576 720 omnia
587 671 652 720 ferre
662 671 708 720 sub
720 684 802 733 auras,

174 759 203 808 Si
215 773 262 821 qua
273 766 373 822 tegunt3
393 767 480 809 teneor
491 761 576 824 patriae
589 776 633 809 nec
643 762 737 824 legibus
748 763 817 812 ullis.

132 828 140 834 ’
174 849 216 896 'lu
227 847 301 896 modo
313 847 439 911 promissis
451 862 560 910 maneas,
568 858 709 912 seruataque
720 865 800 901 serves

175 939 254 998 'stoja
264 937 353 1002 tidem;
371 939 392 987 si
404 940 558 1000 semlerum,
570 938 592 988 si
601 953 688 1001 magna
698 941 837 1003 rependam.

211 1027 300 1076 Omnis
311 1042 364 1092 spes
375 1031 498 1089 Danaum,
510 1035 535 1077 et
546 1029 620 1092 coepti
631 1028 720 1078 fiducia
730 1029 789 1078 belli

103 1149 105 1154 ,
178 1117 285 1166 Palladis
297 1117 395 1166 auxiliis
408 1132 503 1181 semper
515 1117 591 1167 stetit.
624 1119 708 1182 lnpius
717 1133 750 1169 ex
762 1134 812 1182 quo

176 1203 283 1268 Tydides
294 1206 337 1255 sed
348 1207 425 1267 enim,
439 1208 607 1269 scelerumque
618 1207 731 1258 inventor
743 1207 841 1269 Ulixes,

144 1299 146 1304 '
181 1295 263 1344 Fatale
275 1295 381 1357 adgressi
393 1304 488 1345 sacrato
500 1298 605 1346 avellere
616 1298 709 1360 templo

181 1383 328 1446 Palladium,
340 1383 409 1434 caesis
421 1401 522 1436 summae
533 1386 674 1436 custodibus
686 1387 759 1447 arcis,

181 1473 331 1537 Conripuer'e
341 1488 436 1523 sacram
447 1475 561 1536 effigiem,
573 1476 733 1539 manlbusque
744 1476 851 1526 eruentis

180 1561 306 1624 virgineas
319 1562 372 1612 ausi
383 1562 443 1611 divae
455 1563 595 1624 contingere
605 1565 693 1613 vittas:
734 1605 736 1609 .

181 1653 221 1700 Ex
233 1652 276 1701 illo
288 1652 364 1700 duere
376 1666 403 1700 ac
416 1660 482 1701 retro
495 1653 610 1716 sublapsa
620 1653 708 1702 referri

180 1743 241 1804 Spes
253 1743 376 1800 Danaum,
388 1742 470 1790 fractae
482 1741 556 1803 vires,
568 1756 652 1791 aversa
662 1742 713 1791 dea
725 1757 803 1792 mens.

183 1832 235 1879 Nec
246 1831 326 1880 dubiis
338 1845 367 1879 ea
379 1831 448 1892 signa
458 1830 525 1880 dedit
535 1829 650 1880 ‘liitonia
661 1831 787 1881 monstris.

178 1919 226 1968 Vix
236 1919 344 1983 positum
355 1919 440 1970 castris
456 1919 628 1969 simulacrum:
647 1934 728 1970 arsere
738 1935 847 1970 coruscae

100 2061 105 2072 p
183 2009 327 2059 huminibus
338 2010 444 2058 dammae
456 2009 570 2071 adrectis,
581 2011 709 2072 eamusque
720 2025 763 2074 per
774 2018 842 2060 artus

183 2101 263 2150 Sudor
276 2100 319 2162 iit3
337 2108 421 2163 terque
432 2101 485 2164 ipsa
495 2101 549 2150 solo
565 2100 688 2165 (mirabile
697 2099 775 2162 dictu)

183 2189 300 2250 Emicuit,
312 2203 469 2254 parmamque
481 2191 562 2239 ferens
575 2190 719 2252 hastamque
729 2198 884 2240 trementem.
903 2209 909 2217 ⁸

182 2281 313 2343 Extemplo
324 2279 442 2328 mutanda
452 2280 510 2340 fuga
519 2279 586 2329 cauit
595 2292 695 2340 equora
707 2279 827 2341 calchas,

185 2371 237 2418 Nee
247 2383 319 2433 posse
329 2368 449 2430 Argolicis
461 2367 570 2417 exscindi
582 2371 701 2429 Pergama
711 2368 767 2417 telis
777 2388 786 2429 ς

184 2460 277 2510 Omina
289 2459 315 2508 ni
327 2466 439 2522 repetant
449 2459 533 2520 Argis,
545 2471 685 2518 numenque
696 2457 823 2518 reducant,

187 2550 259 2604 Quod
269 2551 354 2614 pelago
365 2557 390 2598 et
401 2549 481 2598 curvis
493 2563 575 2598 secum
588 2562 692 2598 avexere
702 2547 800 2604 carinis.

102 2623 107 2631 ¹
128 2703 133 2708 .
185 2639 218 2688 Et
229 2653 305 2699 nunc,
316 2639 382 2701 quod
393 2638 484 2702 patrias
495 2647 568 2686 vento
579 2637 671 2701 petiere
682 2639 808 2701 Myoenas,

186 2728 262 2777 Arma
272 2728 475 2792 deosqueparant
486 2728 600 2789 comites,
611 2728 744 2792 pelagoque
754 2741 868 2776 remenso

185 2816 306 2880 inprovisi
317 2817 428 2866 aderunt.
463 2817 501 2865 lta
511 2816 601 2878 digerit
610 2815 694 2865 omina
705 2817 815 2867 menas.
873 2848 888 2859 ..

187 2907 257 2954 Hanc
268 2920 313 2969 pro
325 2905 446 2965 Palladio,
457 2904 556 2966 moniti,
568 2919 613 2968 pro
625 2904 726 2953 numine
738 2905 797 2951 laeuo

189 2993 300 3056 Effigiem
312 3001 418 3043 statuere
428 3013 437 3056 ς
454 2995 522 3043 nefas
533 3009 588 3056 quae
599 2992 670 3042 triste
675 2974 766 3055 piaret.

187 3083 257 3134 Hanc
269 3093 352 3134 umen
363 3081 505 3144 inmensam,
513 3083 615 3133 Calchas
628 3081 746 3131 adtollere
758 3080 849 3129 molem

139 3240 141 3244 Ι
187 3173 325 3223 Roboribus
337 3172 422 3234 textis,
434 3172 544 3235 coeloque
555 3172 669 3232 educere,
678 3169 768 3231 jussit:
840 3210 847 3220 „
863 3207 876 3228 p.
