2334 3734
209 494 257 541 ras
435 489 781 553 rvrpcrnuusaours

208 624 296 669 Vectus
307 634 369 682 equo
382 627 510 683 spumante
521 620 605 679 Saces,
615 618 715 666 adversa
725 615 812 677 sagitta
872 610 875 614 ’

208 709 308 758 Saucius
319 723 373 769 ora,
384 708 480 771 ruitque
490 708 616 771 inplorans
628 706 726 755 nomine
737 707 864 754 Turnum:

207 800 300 858 iiirne,
313 798 338 845 iu
350 806 374 847 tc
382 811 496 859 suprema
503 799 569 845 salus
579 818 584 845 :
604 796 719 844 miserere
729 802 846 842 tuorum.

206 868 334 933 'Fulminat
344 884 434 933 AEneas
445 884 530 943 armis,
542 897 697 944 summasque
706 882 812 931 minatur

209 974 366 1033 Deiecturum
377 974 440 1021 arcis
452 964 552 1032 Italum,
563 971 706 1032 excidioque
717 971 847 1033 daturum

209 1065 314 1123 Jamque
324 1061 389 1109 iaces
398 1062 428 1109 ad
440 1068 503 1109 tecta
514 1062 606 1111 rolant.
639 1061 667 1107 In
678 1067 703 1107 te
714 1072 758 1107 ora
768 1057 857 1119 Latini,

208 1152 237 1197 ln
249 1158 273 1199 te
284 1152 369 1199 oculos
378 1151 501 1199 referunt:
520 1156 613 1198 mussat
621 1162 667 1195 rex
677 1147 728 1210 ipse
739 1146 850 1205 Latinm,

211 1242 278 1294 Quos
289 1253 389 1300 generos
400 1245 478 1298 vocet,
492 1245 534 1285 aut
545 1252 600 1299 quae
609 1251 662 1285 sese
672 1236 701 1285 ad
714 1234 806 1284 ioedcra
813 1235 901 1283 flectat.

122 1356 124 1363 ν
213 1329 335 1376 Praeterea
346 1327 438 1388 regina,
449 1328 486 1375 tui
497 1325 624 1385 fidissima,
635 1325 722 1374 dextra

213 1416 309 1465 Occidit
319 1418 370 1479 ipsa
381 1430 434 1477 sua,
446 1418 573 1478 lucemque
584 1415 702 1464 exterrita
713 1414 781 1476 fugit.

213 1502 265 1551 Soli
277 1518 321 1565 pro
333 1504 408 1565 portis
418 1506 545 1566 Messapus
557 1511 644 1552 etacer
655 1502 742 1551 Atinas

210 1591 351 1640 Sustentant
360 1592 445 1640 aciem.
479 1592 578 1640 Circum
588 1592 635 1640 hos
646 1590 769 1651 utrimque
778 1590 909 1651 phalanges

212 1681 283 1729 Stant
292 1680 382 1742 densae,
394 1682 531 1743 strictisque
541 1681 776 1742 segesmucronibus
787 1679 872 1726 horret

211 1769 313 1817 Ferrea:
331 1777 359 1817 tu
365 1784 464 1837 currum
475 1769 569 1817 deserta
580 1769 605 1816 in
612 1767 721 1829 gramine
730 1780 819 1816 versas.

215 1856 347 1919 Obstupuit
357 1856 422 1905 varia
432 1858 547 1905 confusus
555 1857 660 1918 imagine
671 1870 753 1905 rerum
838 1923 840 1926 Ι

214 1945 324 2004 Turnus,
336 1952 361 1992 et
371 1947 456 1993 obtutu
468 1946 541 1994 tacito
552 1947 627 1995 stetit.
660 1946 757 1994 AEstuat
767 1943 852 2005 ingens

214 2032 272 2079 Uno
283 2029 309 2077 in
319 2031 392 2079 corde
403 2032 491 2093 pudor,
503 2032 627 2094 nrixtoque
638 2032 734 2081 insania
744 2033 822 2091 luctu,

214 2118 247 2166 Et
258 2118 338 2166 Furiis
348 2119 451 2181 agitatus
463 2134 541 2179 amor,
548 2128 573 2168 et
582 2120 680 2168 conscia
690 2119 776 2167 virtus.
813 2156 816 2159 Δ

215 2208 251 2255 Ut
261 2206 366 2269 primum
377 2207 491 2257 discussae
501 2209 607 2267 umbrae,
618 2215 643 2254 et
652 2208 696 2254 lux
708 2205 803 2254 reddita
812 2204 901 2253 menti:

215 2293 330 2344 Ardentis
341 2297 468 2344 oculorum
479 2296 545 2344 orbis
557 2294 589 2343 ad
599 2294 689 2342 moenia
701 2293 774 2342 torsit

215 2364 349 2445 Turbidus,
359 2398 419 2446 eque
430 2386 490 2433 rotis
501 2398 613 2445 magnam
624 2384 730 2446 respexit
738 2384 770 2432 ad
781 2384 879 2431 urbem.

215 2473 276 2521 Ecce
288 2480 379 2533 autem,
390 2475 495 2523 dammis
505 2476 568 2523 iuter
576 2476 686 2522 tabulata
696 2474 793 2521 volutus

209 2560 254 2608 ‘Ad
266 2563 355 2610 coelum
364 2563 471 2611 undabat
481 2571 576 2622 vortex,
587 2564 721 2624 turrimque
732 2562 843 2610 tenebat:

217 2648 327 2709 Turrim,
338 2649 460 2710 conpactis
472 2652 579 2700 trabibus
589 2666 662 2713 quam
673 2651 790 2699 eduxerat
799 2648 860 2711 ipse,

216 2734 406 2797 Subdideratque
418 2745 494 2796 rotas,
506 2738 634 2799 pontisque
645 2740 790 2787 instraverat
798 2736 869 2784 altos.

217 2826 232 2873 J
235 2838 275 2872 am
282 2826 335 2884 jam
345 2826 404 2885 iata,
411 2840 490 2885 soror,
502 2835 633 2887 superant3
651 2820 739 2875 absiste
750 2823 857 2884 murari;

218 2914 273 2967 Quo
284 2912 355 2974 deus,
366 2922 390 2963 et
400 2930 447 2976 quo
458 2915 519 2963 dura
529 2923 599 2963 vocat
610 2916 727 2975 Fortuna,
739 2926 876 2975 sequamur.

218 3001 272 3052 Stat
281 3003 393 3051 conferre
403 3016 503 3051 manum
512 3005 670 3063 AEneae‚stat,
682 3001 799 3065 quidquid
808 2997 888 3048 acerbi
899 3006 947 3058 est,

220 3092 300 3139 Morte
311 3090 376 3152 pati:
395 3104 439 3140 nec
448 3104 487 3139 me
498 3089 647 3150 indecorem,
659 3103 783 3152 gamana,
795 3086 885 3137 videbis
