2334 3734
216 509 248 558 te
437 511 465 558 P.
481 509 620 558 VIRGILH
635 507 789 556 Muttonis

216 637 299 685 Terna
308 635 353 685 tibi
364 635 415 684 hec
425 635 532 699 prirnurn
542 634 634 699 triplici
643 635 739 684 diversa
748 635 831 684 colere

217 724 284 774 Licia
294 724 428 785 circumdo,
439 732 524 786 terque
533 725 586 774 hec
596 724 683 774 altaria
690 724 783 774 circum

218 815 328 876 Effigiem
339 815 418 877 duco;
436 828 539 864 numero
550 814 611 863 deus
620 813 705 876 inpare
712 812 807 874 gaudet.

218 903 305 954 Ducite
316 906 347 953 ab
357 905 417 954 urbe
429 904 540 965 domum,
548 917 604 952 mea
610 903 729 962 carmina,
740 901 821 950 ducite
829 899 953 964 Daphnin.

220 995 296 1043 Necte
308 993 386 1043 tribus
397 995 467 1044 nodis
479 1002 573 1055 ternos,
584 992 715 1056 Amaryiii,
726 993 840 1052 colorem

220 1085 307 1144 Necte,
317 1084 449 1146 Amarylli,
460 1083 551 1146 m0d03
568 1091 603 1143 et,
615 1081 729 1143 Venerit,
739 1081 789 1140 dic,
798 1079 898 1128 rinenia
907 1085 988 1127 necto.

221 1171 308 1220 Ducite
317 1173 348 1220 ab
358 1173 419 1220 urbe
429 1171 540 1233 domum,
547 1165 607 1220 'mea
616 1170 735 1229 carmina,
747 1168 827 1218 ducite
838 1167 962 1231 Daphnin.

222 1258 306 1310 Limus
316 1267 344 1309 ut
355 1261 395 1309 hic
406 1261 522 1322 durescit,
534 1269 559 1310 et
568 1261 622 1310 hec
632 1268 661 1309 ut
671 1273 727 1309 cera
737 1257 850 1321 liquescit

223 1351 281 1399 Uno
292 1350 424 1412 codemque
435 1350 498 1412 igni:
517 1349 551 1400 ric
562 1357 649 1399 nostro
661 1347 769 1412 Daphnin
779 1359 871 1395 amore.

223 1439 314 1502 Sparge
324 1440 426 1501 molam,
437 1450 462 1488 et
472 1439 564 1501 fragilis
575 1438 678 1488 incende
687 1436 808 1486 bitumine
817 1437 909 1485 lauros.

223 1527 333 1590 Daphnis
344 1541 384 1576 me
395 1529 473 1576 malus
484 1527 549 1577 urit:
566 1543 612 1589 ego
622 1529 686 1576 hanc
697 1527 723 1575 in
733 1525 862 1588 Daphnide
872 1526 978 1574 laurum.

223 1617 311 1666 Ducite
322 1619 353 1666 ab
363 1619 423 1666 urhe
432 1618 544 1678 domurn,
556 1632 611 1666 mea
621 1617 740 1676 carmina,
752 1616 832 1666 ducite
842 1614 965 1678 Daphnin.

221 1704 289 1754 'latis
299 1719 368 1754 amor
376 1706 500 1768 Daphnin,
511 1705 589 1768 qualia
600 1708 748 1768 qunmieeta
752 1707 884 1766 juvencum

224 1795 271 1842 Per
282 1809 383 1843 nemora
394 1802 465 1856 atque
475 1795 538 1844 altos
549 1795 681 1856 querendo
691 1795 781 1844 buctnla
789 1795 859 1844 lucos

226 1885 329 1946 Propter
340 1897 408 1945 aquae
419 1882 498 1932 rivum
508 1865 580 1932 viridi
590 1882 728 1946 procumbit
737 1882 764 1932 in
774 1883 842 1943 ulra,

225 1970 331 2030 Perdita,
343 1985 387 2019 nec
398 1986 458 2020 cerae
469 1972 581 2022 meminit
591 1968 706 2022 decedere
716 1972 794 2033 nocti,

227 2059 295 2107 'lulis
307 2073 376 2108 amor
385 2067 478 2120 teneat,
489 2074 535 2109 nec
546 2060 579 2109 ait
589 2061 651 2109 mihi
661 2075 722 2110 cura
732 2061 833 2110 mederi.

227 2148 314 2198 Ducite
325 2150 356 2197 ab
367 2151 427 2198 urbe
438 2149 549 2211 domum,
561 2150 742 2211 meacamrina,
753 2149 835 2199 ducite
845 2149 970 2211 Daphnin.

230 2237 281 2284 Hae
292 2235 353 2284 olim
364 2237 463 2286 exuviae
475 2237 535 2286 mihi
546 2237 653 2300 pertidus
662 2237 706 2286 ille
717 2237 826 2299 reliquit,

230 2323 335 2386 Pignora
345 2323 464 2374 emacuit
481 2339 535 2386 qua
546 2339 613 2374 nunc
621 2339 667 2388 ego
679 2325 765 2374 limine
774 2325 801 2374 in
811 2324 876 2388 ipso,

229 2415 316 2473 Terra,
326 2413 372 2462 tibi
383 2413 489 2476 mand03
506 2413 595 2464 debent
604 2415 657 2464 hcc
666 2416 769 2478 pignora
778 2413 903 2478 Daphnin.

231 2501 317 2551 Ducite
327 2503 358 2551 ab
369 2504 429 2566 urbe
439 2502 551 2563 domum,
562 2517 618 2552 mea
626 2503 746 2563 carmine,
757 2503 838 2552 ducite
848 2501 972 2565 Daphnin.

233 2592 283 2639 Hae
294 2591 392 2651 herhas,
403 2599 474 2654 etque
485 2592 538 2642 hec
551 2593 631 2640 Ponte
641 2589 703 2639 mihi
713 2591 779 2639 lecta
787 2604 892 2651 venena,

232 2678 287 2740 lpse
297 2677 364 2727 dedit
374 2679 460 2728 Moerir
471 2698 477 2727 ι
494 2686 629 2728 nummnrr
639 2677 747 2740 piurima
758 2680 852 2728 Ponte:

234 2764 279 2814 Hir
291 2779 335 2828 ego
346 2780 409 2830 sape
420 2768 506 2829 lupum
517 2767 581 2826 fieri,
593 2774 619 2815 et
629 2780 656 2814 re
666 2766 772 2816 condere
781 2767 849 2817 rilris

233 2855 336 2916 Moeriu,
348 2870 411 2919 saepe
422 2855 516 2904 animas
526 2855 582 2904 imit
593 2854 675 2906 excire
685 2856 814 2919 repulerit,

233 2945 314 3006 Atque
324 2951 388 2994 satas
400 2944 448 2993 alio
459 2943 508 2993 ridi
518 2943 645 2994 traducere
656 2943 751 2994 muria.

235 3033 321 3082 Ducite
332 3035 362 3083 ab
374 3035 434 3082 urbe
444 3032 556 3093 domum,
569 3047 624 3082 mea
633 3033 754 3095 carmina,
764 3033 846 3084 ducite
856 3035 978 3100 Daphnin.

234 3122 281 3170 Fer
292 3121 397 3181 cineret,
408 3120 539 3183 Amarylli‚
550 3121 627 3182 foret,
638 3121 738 3183 rivoque
749 3123 834 3172 fluenti
