2334 3734
204 508 251 557 146
443 507 470 554 Ρ.
487 504 626 556 vlanllll
642 500 798 552 MARONIS

203 635 329 700 Incipiam.
363 634 443 684 Fracti
454 635 530 696 bello,
543 632 647 696 latisque
658 631 760 696 repulri,
860 661 863 668 -

203 730 322 777 Ductores
334 727 457 786 Danaum,
469 731 507 774 tot
515 727 567 786 jam
579 722 717 772 labentibus
728 722 810 784 annin,

206 817 286 865 instar
298 813 388 864 montis
400 828 490 875 equum
501 812 583 861 divina
595 811 701 863 Palladia
712 819 765 860 arte

203 902 343 965 AEdificant,
355 909 466 965 sectaque
476 902 592 952 intexunt
603 901 681 951 abiete
691 909 788 962 costas3

71 971 75 978 .
118 976 121 980 ⁵
204 996 295 1045 Votum
307 1008 352 1057 pro
364 991 444 1042 reditu
456 991 589 1041 simulant:
607 1005 636 1040 ea
647 991 713 1040 famo
723 983 830 1052 voganrr.

120 1105 124 1110 ’
206 1085 261 1132 lluc
272 1083 366 1132 delecta
377 1082 457 1132 virum
469 1081 550 1130 sortiti
561 1095 665 1144 corpora
675 1079 761 1129 firrtirn

197 1173 337 1222 'includunt
346 1186 410 1223 caeco
421 1171 504 1234 lateri,
516 1170 659 1234 penitusque
669 1181 784 1219 cavernas

204 1263 313 1324 lugentis
323 1269 469 1324 uterumque
480 1268 574 1311 armato
587 1259 666 1309 milite
676 1259 802 1321 conplent.

238 1351 284 1400 Est
294 1350 320 1399 in
332 1357 464 1415 conspectu
475 1349 598 1410 Tenedos,
611 1347 740 1397 notissima
749 1347 816 1396 tama

206 1439 300 1500 Insula,
313 1439 378 1490 dives
390 1454 475 1503 opum,
488 1437 580 1488 Priami
591 1437 651 1486 dum
662 1451 737 1498 regno
747 1437 895 1499 manebant3

208 1531 281 1578 Nunc
292 1537 389 1578 tontum
401 1529 479 1589 sinuo,
492 1536 516 1578 et
527 1527 601 1578 statio
611 1529 676 1577 rnale
688 1527 736 1576 fida
745 1526 844 1577 carinis.

210 1619 264 1666 Huc
276 1631 302 1666 ee
313 1617 419 1680 provecti
431 1616 526 1666 deserto
538 1615 565 1664 in
576 1615 649 1664 litore
661 1615 777 1665 condunt.

132 1763 137 1770 ,
206 1707 259 1754 Nos
270 1705 358 1755 abiisse
368 1704 425 1765 rati,
437 1713 463 1754 et
472 1713 544 1754 vento
557 1705 656 1768 petiisse
667 1706 792 1769 Mycenas.

207 1797 271 1856 Ergo
283 1794 364 1844 omnis
377 1795 450 1856 longo
463 1794 536 1843 solvit
547 1808 574 1842 se
585 1793 691 1842 Teucria
700 1794 777 1843 locon.

207 1882 350 1934 Panduntur
361 1891 437 1946 portae
448 1903 456 1944 ;
474 1884 549 1932 Juvat
559 1882 607 1942 ire,
619 1890 645 1931 et
655 1881 746 1930 Dorica
755 1890 835 1932 caena

207 1974 367 2033 Desertosque
378 1971 459 2018 videre
470 1961 538 2019 loco'r
550 1969 655 2032 litusque
667 1969 788 2019 relictum.

206 2062 253 2112 liic
265 2063 387 2126 Dolopum
399 2075 497 2122 manus,
508 2060 548 2110 hic
560 2075 640 2110 suevus
651 2061 766 2111 tondebat
776 2061 903 2126 Achillen

207 2151 331 2204 classibus
342 2151 383 2202 hic
394 2152 479 2214 locun3
497 2151 538 2200 hic
549 2150 600 2201 acic
611 2159 705 2200 certare
715 2153 835 2202 solebant

206 2243 266 2291 Paro
276 2249 357 2304 stupet
368 2219 477 2304 innupta
488 2240 580 2290 donum
592 2240 691 2290 exitiale
703 2241 834 2302 Minervae,

206 2331 238 2379 Et
249 2330 341 2378 molem
353 2329 474 2380 mirantuu
486 2328 561 2392 equi;
579 2329 720 2392 primusque
730 2331 874 2394 Thymoetea

205 2417 268 2468 Duci
279 2418 344 2468 intra
354 2433 438 2468 muros
450 2419 574 2479 hortatur,
587 2427 612 2468 et
623 2433 678 2469 arce
689 2419 766 2469 locari
777 2440 785 2482 ;

205 2505 261 2556 Sive
272 2507 341 2568 dolo,
353 2522 396 2556 eeu
404 2511 457 2569 jam
468 2510 551 2569 Troje
562 2508 598 2557 nic
609 2509 660 2556 tota
670 2508 790 2558 ferebant.

204 2597 238 2645 At
250 2597 339 2659 Capys,
351 2604 377 2644 et
386 2610 490 2657 quorum
502 2595 591 2645 melior
602 2597 724 2645 sententia
734 2598 822 2658 menti,

202 2685 255 2733 Ant
267 2683 351 2746 pelago
362 2685 475 2734 Danaum
486 2682 587 2732 insidiae
599 2692 756 2756 nnpectaque
767 2685 834 2735 dona

204 2771 360 2835 Praecipitare
368 2774 466 2834 jubent,
479 2773 623 2834 subJecticve
632 2781 704 2824 urere
716 2775 822 2826 nammis
834 2797 841 2826 z

203 2861 255 2910 Aut
264 2862 387 2911 terebrare
398 2875 468 2911 cavas
480 2862 542 2910 uteri
554 2870 578 2911 et
589 2869 685 2925 tentare
697 2863 812 2914 latebras.

204 2949 328 3000 Scinditur
340 2949 460 3000 incertum
472 2950 552 3000 studia
563 2950 588 2998 in
601 2950 725 3002 contraria
735 2955 828 3016 volgun.
851 2936 855 2942 ’

235 3035 333 3088 Ptiruun
344 3036 379 3088 lbi
392 3038 549 3100 antemnis,
561 3052 649 3099 magna
659 3040 792 3091 comitante
801 3050 911 3104 caterva,

203 3127 316 3178 Laocoon
329 3127 416 3180 ardena
429 3141 526 3178 summa
536 3127 644 3178 decurrit
653 3131 685 3178 ab
696 3144 769 3193 orce;
