2334 3734
220 525 251 573 30
448 521 474 570 i’.
491 520 628 570 VlP-GlLll
645 519 799 571 MARONlS

526 829 662 879 ECLOGA
680 831 712 878 X.

568 1016 675 1053 annue.

222 1168 375 1216 Exruunun
386 1166 463 1226 hunc,
474 1165 607 1225 Arethusa,
619 1163 681 1214 mihi
690 1164 797 1215 ooncede
806 1165 924 1216 laborem.

224 1255 303 1304 Pauca
314 1268 368 1304 meo
380 1255 463 1314 Gallo,
476 1253 528 1314 sed,
540 1269 594 1316 quae
605 1255 670 1316 legat
681 1253 734 1316 ipsa
744 1253 854 1318 Lycoris,

224 1342 339 1393 Carmina
350 1351 408 1392 sunt
419 1341 534 1392 dicenda:
552 1351 623 1404 neget
632 1343 687 1405 quie
696 1344 805 1394 earmina
815 1344 907 1394 Gallo?

222 1432 262 1481 Sic
273 1431 327 1492 tibi,
339 1446 413 1494 quum
424 1431 512 1480 duetus
523 1432 688 1481 subterlabere
700 1432 811 1493 Sicanos,

223 1518 296 1568 Doris
306 1533 469 1568 mnarum
481 1533 532 1568 non
543 1519 707 1568 intermisceat
717 1520 817 1570 undarn

222 1607 321 1671 lnnipe3
338 1608 456 1658 sollicita
467 1607 532 1657 Galli
542 1607 651 1657 dicamne
662 1623 768 1670 amores,

222 1699 287 1747 Dum
298 1705 382 1748 tenera
389 1696 522 1746 adtondent
532 1696 601 1746 simne
611 1697 717 1758 virgulta
726 1700 834 1760 capelloe.

117 1845 120 1850 Ι
224 1789 281 1836 Non
293 1787 403 1836 canimus
415 1786 507 1836 surdis:
525 1786 674 1849 respondent
683 1786 768 1835 omnia
778 1787 853 1836 silvie.

256 1877 316 1930 Qnae
328 1889 438 1936 nemora,
450 1884 493 1924 ant
503 1875 545 1938 qui
555 1890 599 1924 vos
609 1877 685 1925 adura
695 1877 811 1939 habuere,
822 1879 910 1941 pnellae

224 1965 326 2025 Naides,
339 1964 437 2026 indigno
448 1978 523 2025 quum
532 1965 618 2014 Gallua
629 1979 713 2014 amore
723 1966 832 2029 periret?

225 2056 289 2104 Nam
301 2067 379 2116 neque
391 2053 491 2102 Parnasi
501 2053 569 2102 vobls
577 2055 647 2115 juga,
659 2068 718 2102 nam
728 2067 806 2116 neque
818 2053 891 2102 Pindi

225 2144 284 2194 Ulla
295 2157 390 2192 moram
401 2145 489 2202 fecere,
501 2156 579 2204 neque
590 2141 670 2191 Aonie
680 2142 813 2206 Aganippe.

225 2232 299 2281 lllnm
310 2231 383 2280 etiam
393 2230 468 2292 lauri,
479 2229 552 2280 etiarn
563 2231 651 2280 flevere
662 2233 758 2295 myricae
767 2250 775 2294 3

225 2319 318 2370 Pinifer
329 2319 401 2369 illurn
412 2319 486 2370 etiarn
497 2321 550 2368 nola
560 2321 607 2369 snb
617 2335 677 2383 rupe
685 2322 806 2382 jacentem
912 2361 915 2368 .

226 2410 357 2470 Maenalus,
369 2417 394 2458 et
403 2409 477 2470 gelidi
487 2408 609 2458 fleverunt
619 2423 679 2459 taxa
688 2410 775 2474 Lyoei.

228 2499 299 2547 Stant
310 2504 335 2546 et
345 2510 402 2546 oves
412 2496 504 2546 circum
515 2517 522 2559 3
545 2497 635 2562 (nonni
646 2512 691 2547 nec
701 2498 804 2561 poenitet
814 2497 884 2560 illua3

227 2589 279 2636 Nec
290 2595 314 2635 te
322 2587 438 2650 poeniteat
448 2587 552 2650 pecoris,
561 2587 643 2637 divine
654 2595 738 2649 poetae

225 2676 258 2724 Et
268 2675 390 2725 formaene
400 2689 456 2725 ovea
467 2676 498 2724 ad
508 2676 611 2724 flumina
620 2674 686 2739 parit
695 2673 810 2738 Adonin.)

226 2763 300 2813 Venit
309 2772 334 2812 et
342 2764 420 2827 upilio
426 2784 435 2827 ;
452 2764 514 2813 tardi
525 2778 613 2814 venere
623 2762 739 2826 bubulci3

228 2853 321 2904 Uvidns
330 2853 432 2904 hiberna
442 2854 509 2901 venit
519 2853 549 2901 de
560 2852 648 2914 glande
660 2853 794 2903 Menalcae.

228 2943 331 3002 Omnes,
343 2943 406 2991 unde
417 2957 486 2992 arnor
497 2942 553 3002 isto,
565 2948 662 3003 rogant,
672 2940 734 2990 tibi?
768 2943 843 2991 Venit
854 2944 959 3006 Apollo:

227 3032 308 3092 Galle,
321 3031 378 3094 quid
389 3031 480 3080 insanie
491 3033 501 3079 ἓ
521 3031 731 3093 inquinamenta
742 3032 841 3096 Lycorin

227 3123 320 3185 Perque
331 3121 398 3170 nivea
409 3121 484 3170 allum
495 3135 586 3186 perque
597 3122 697 3172 horrida
707 3130 786 3172 nuru-a
797 3131 880 3172 secuta
886 3131 931 3172 eat
