2334 3734
215 539 261 588 124
353 588 357 594 ,
436 541 463 589 P.
480 540 618 589 vinolnrl
635 539 789 591 MABONIS

215 668 374 728 Prospectum
385 667 434 716 late
444 667 529 730 pelago
541 667 618 730 petit3
635 669 735 718 Anthea
745 669 766 719 si
778 682 851 732 quam

214 755 338 803 laentum
350 763 423 804 vento
435 756 525 816 videat,
538 757 701 820 Phrygiasque
711 757 822 819 biremls‚

213 841 264 887 Aut
278 840 371 903 Capyn,
383 848 425 889 aut
435 840 507 890 celsis
519 841 544 888 in
557 842 677 904 puppibus
688 854 757 891 arma
768 841 844 892 Caici.

214 928 307 976 Navem
318 927 343 975 in
357 935 487 990 conspectu
498 929 612 991 nullam3
630 928 675 978 tris
686 930 760 979 litora
770 943 854 980 oarvos

214 1013 333 1075 Prospicit
345 1015 449 1064 errantis
462 1036 470 1078 3
488 1017 534 1066 hos
546 1024 599 1065 tota
609 1026 722 1068 armaria
731 1026 868 1080 saquunnrr

213 1103 236 1149 A
248 1109 328 1164 tergo,
342 1111 366 1152 et
377 1106 478 1165 longum
490 1119 533 1167 per
544 1106 616 1154 vallis
627 1107 734 1168 pascinu
744 1121 841 1168 agmen.

214 1190 332 1240 Constini
342 1192 392 1252 hic,
405 1207 536 1255 arcumque
548 1208 624 1242 manu
634 1195 770 1256 oelensqn
779 1193 878 1257 sagittas

214 1279 361 1343 Conripuit3
379 1282 442 1331 lidus
454 1295 507 1345 quae
518 1284 568 1332 tela
578 1283 677 1344 gerebat
687 1284 809 1346 Achaim

212 1369 379 1432 Ductoresque
391 1371 456 1433 ipsos
468 1371 586 1434 primurn,
598 1372 677 1435 capita
685 1373 735 1421 alta
745 1371 846 1421 inaniis

214 1458 336 1507 Cornibus
347 1461 466 1521 arboreis,
478 1462 584 1523 sternit3
601 1468 656 1509 tum
665 1462 768 1523 volgus3
785 1468 811 1510 et
820 1475 920 1510 ornnem

213 1547 303 1598 Miscet
312 1562 385 1610 agam
397 1550 453 1598 telis
464 1565 567 1600 nemora
577 1551 642 1600 inser
652 1551 754 1600 frondea
764 1552 869 1600 turbam.

213 1638 265 1684 Neo
276 1636 343 1699 prius
355 1637 460 1698 absistit,
472 1653 545 1700 quam
555 1646 649 1701 sepiem
660 1639 768 1701 ingentia
778 1640 856 1689 viator

213 1724 324 1787 Corpora
334 1725 420 1780 fundat
431 1727 511 1787 humi,
524 1737 550 1776 et
560 1725 690 1777 numerum
702 1743 759 1777 cum
770 1729 871 1778 navibus
880 1738 968 1791 aquei.

213 1811 277 1862 Hinc
288 1824 387 1876 portum
398 1815 468 1876 petit,
481 1823 505 1864 et
516 1817 596 1865 socios
608 1817 711 1879 partitur
722 1817 749 1865 in
761 1817 851 1867 omnis.

212 1899 276 1949 Vina
287 1902 366 1950 bonus
379 1917 432 1965 quae
445 1903 533 1952 deinde
543 1904 610 1952 cadis
620 1911 735 1953 onerarat
744 1907 846 1955 Acestes

213 1988 296 2038 Litore
307 1990 435 2039 'irinacrio
446 1990 592 2053 dederatque
603 1993 749 2042 abwntibm
760 1994 844 2054 herm,

213 2076 314 2137 Dividit,
326 2086 351 2126 et
362 2078 432 2128 dietis
446 2080 573 2129 maerentis
582 2088 682 2142 pectora
693 2082 800 2132 mulcet:

244 2166 267 2214 Ο
279 2167 350 2226 socii,
367 2168 456 2230 (neque
466 2168 533 2217 enim
543 2168 623 2230 ignari
633 2183 718 2218 sumus
729 2178 786 2220 ania
797 2172 930 2233 malornm)

210 2254 233 2302 O
246 2255 310 2318 passi
320 2257 446 2319 graviora;
463 2249 531 2308 dania
541 2259 603 2308 deus
612 2258 651 2307 his
662 2273 760 2322 quoque
770 2260 854 2333 inam.

210 2343 260 2392 Vos
272 2351 297 2394 et
308 2345 435 2407 Scyllaeam
445 2346 538 2395 rabiem
549 2348 695 2411 penitusque
705 2349 816 2398 sonantis

209 2429 319 2481 Adrastis
330 2434 461 2496 scopulos3
478 2449 521 2484 ros
532 2443 558 2484 ei
570 2437 685 2500 Cyclopia
695 2451 756 2486 saxa

208 2519 319 2581 Experti.
352 2523 470 2571 Revoom
482 2525 589 2584 animos,
601 2533 761 2588 messiumque
771 2526 886 2576 timorem

208 2607 308 2657 Mittite.
342 2611 435 2658 Forsan
446 2619 472 2661 ei
482 2612 534 2661 hac
546 2610 608 2662 olim
619 2613 760 2662 meminisse
768 2615 870 2675 iuvabit.

208 2697 254 2744 Per
265 2696 345 2747 varios
356 2712 436 2758 casus,
448 2713 492 2762 per
503 2708 541 2750 tot
552 2701 694 2751 discrimina
705 2715 800 2761 rarum

204 2785 340 2835 Tendimus
351 2786 376 2836 in
389 2788 501 2837 Latium:
519 2789 590 2838 sedes
601 2790 643 2838 ubi
656 2790 705 2838 lata
715 2789 809 2851 quietas

206 2872 352 2924 Ostendant.
387 2876 489 2926 illicias
501 2891 576 2939 regna
583 2891 708 2939 resurgere
718 2880 809 2940 linia.

204 2962 305 3024 Durate,
317 2973 343 3014 et
353 2975 447 3015 vosmet
458 2969 529 3018 rebus
542 2975 636 3017 servale
647 2968 768 3018 mundis.

235 3051 306 3100 Talia
316 3067 374 3102 voca
386 3055 475 3118 roiam
492 3055 606 3118 curisque
617 3055 756 3118 ingenulus
766 3073 829 3120 agar

203 3138 277 3200 Spem
289 3141 357 3190 voltu
369 3141 479 3204 simulat,
490 3143 580 3207 premit
590 3146 669 3197 altura
680 3146 755 3198 sorde
764 3146 883 3197 dolorem.
