2334 3734
213 527 259 576 132
439 531 466 578 Ρ.
483 529 619 579 vlaultll
637 529 791 579 MARONIS

212 658 318 707 Cernere
329 671 361 706 ne
373 657 427 720 quis
437 673 491 719 eos,
503 672 552 706 neu
563 659 618 721 quis
629 658 770 720 contingere
781 667 873 722 posset,

211 745 325 795 Molirive
337 760 442 808 moram,
454 756 496 797 aut
506 748 618 797 veniendi
629 761 728 811 poscere
739 761 844 798 caussas.

212 835 267 898 lpsa
279 836 389 898 Paphum
400 837 511 886 sublimis
522 836 582 898 abit,
594 837 710 900 sedesque
721 837 805 887 revisit

212 924 281 972 Laeta
292 939 362 974 suas:
380 925 423 974 ubi
432 926 552 990 templum
562 927 611 988 illi,
623 935 769 989 centumque
780 929 866 976 Sabaeo

208 1014 274 1065 (lure
284 1015 365 1065 calam
375 1029 434 1076 arae,
446 1015 564 1079 sertisque
574 1017 713 1066 recentibus
723 1017 816 1066 balant.

243 1103 395 1166 Corripuere
405 1104 469 1154 vlam
480 1106 584 1166 interea,
597 1121 645 1168 qua
655 1106 743 1166 semita
752 1114 891 1171 monstrat;

209 1193 314 1254 Jamque
324 1193 503 1242 adscendebant
513 1195 613 1254 collem,
625 1195 667 1256 qui
677 1193 798 1257 plurimus
805 1197 860 1244 urbi

212 1282 328 1343 Inminet,
340 1284 499 1346 adversasque
511 1283 633 1348 adspectat
643 1285 747 1355 desuper
756 1299 833 1336 arces.

209 1371 315 1420 Miratur
326 1374 418 1424 molem
429 1375 531 1434 AEneas‚
543 1375 647 1436 magalia
657 1375 780 1437 quondam
790 1396 799 1438 ;

207 1460 313 1510 Miratur
324 1470 417 1525 portas,
429 1464 615 1527 strepitumque,
627 1472 652 1513 et
662 1467 739 1514 strata
748 1465 851 1516 viarum.

210 1551 306 1598 Instant
317 1551 429 1600 ardentes
440 1552 524 1616 'l*yrii;
542 1567 598 1616 pars
610 1553 698 1602 duoere
708 1568 804 1616 muros,

207 1637 341 1701 Molirique
351 1653 443 1700 arcem,
456 1647 480 1688 et
491 1641 603 1690 manibus
614 1644 755 1691 subvolvere
766 1657 842 1706 saxa;

207 1727 268 1776 Pars
278 1735 362 1792 optare
372 1730 454 1778 locum
466 1737 541 1790 tecto,
552 1739 577 1779 et
587 1729 732 1779 concludere
742 1732 820 1780 sulco.

188 1848 190 1854 ι
210 1816 226 1847 *
236 1819 300 1866 dura
312 1818 513 1880 magistratusque
525 1820 619 1881 legunt,
630 1827 790 1882 sancmmque
800 1824 944 1882 senatum„l

209 1904 257 1954 llic
268 1913 352 1969 portus
364 1906 406 1956 alii
417 1906 553 1969 effodiunt3
570 1906 611 1955 hic
623 1909 673 1956 alta
681 1908 782 1957 theatris

207 1995 375 2046 Fundamenta
382 1997 465 2045 locant
475 1995 528 2057 alii,
539 1995 693 2058 inmaniaque
703 1997 831 2048 columnas

133 2092 137 2101 ·
207 2084 315 2147 Rupibus
326 2083 452 2145 excidunt,
464 2085 543 2135 scenis
553 2085 641 2135 decora
650 2088 701 2136 alta
711 2087 808 2138 marris.

209 2174 294 2230 Qualis
305 2188 361 2238 apes
372 2181 455 2224 aestate
467 2189 530 2224 nova
539 2191 582 2240 per
593 2176 670 2225 florea
680 2192 739 2226 rura

208 2265 314 2312 Exercet
324 2265 371 2312 sub
382 2265 434 2314 sole
445 2264 514 2313 labor
524 2285 532 2327 ;
550 2280 626 2326 quum
637 2265 716 2326 gendo
726 2266 822 2316 adultos

206 2351 321 2401 Educunt
330 2353 404 2413 fetus,
416 2360 460 2401 aut
468 2367 544 2415 quum
555 2353 675 2416 liquentia
685 2355 760 2404 mella

207 2440 313 2505 Stipant,
325 2450 350 2492 et
360 2442 427 2492 dulci
439 2442 580 2492 distendunt
591 2449 688 2492 nectare
698 2445 773 2493 cellas
783 2464 793 2507 3

205 2533 257 2580 Aut
267 2544 343 2579 onera
353 2531 477 2595 adcipiunt
487 2532 639 2593 venientum,
650 2539 693 2581 aut
703 2533 800 2594 agmme
811 2534 876 2584 tacto

205 2621 320 2682 Ignavum
333 2621 401 2670 bicos
412 2635 484 2684 pecus
496 2635 511 2670 a
521 2622 667 2685 praesepibus
679 2629 762 2673 arcent
769 2641 778 2685 ;

206 2711 292 2760 Ferret
301 2724 374 2774 opus,
386 2709 543 2772 redolentque
554 2711 639 2774 thymo
650 2710 784 2771 fragrantia
794 2713 875 2762 mella

205 2800 228 2848 Ο
241 2799 369 2860 fortunati,
382 2807 487 2860 quorum
495 2800 548 2860 jam
560 2799 653 2848 moenia
662 2802 781 2862 surgtmt!

205 2889 295 2938 AEneas
307 2881 351 2949 ait,
363 2895 388 2938 et
399 2887 494 2950 fastigia
502 2887 605 2951 suspicit
614 2887 689 2936 urbis.

205 2978 284 3026 lniert
294 2991 321 3027 se
332 2985 420 3040 saeptus
432 2978 520 3026 nebula
535 2976 657 3041 (mirabile
668 2975 745 3040 dictu)

202 3069 249 3115 Per
261 3065 365 3128 medios,
377 3065 509 3129 miscetque
521 3065 599 3129 viris3
616 3068 814 3129 nequecernitur
823 3068 879 3118 ulli.

161 3147 164 3156 ’
229 3157 309 3204 Lucus
323 3155 348 3204 in
360 3156 420 3205 urbe
435 3155 482 3204 fuit
493 3153 582 3216 media,
595 3155 737 3206 laetissimus
746 3158 851 3218 umbre,
