2334 3734
375 533 574 585 GEORGICON
590 537 653 586 ΗΒ.
669 539 690 586 l.
907 542 937 588 41

131 659 269 724 Adcipiunt
278 660 351 721 sinici,
361 668 388 710 et
397 662 466 711 milio
476 663 543 712 veuit
553 671 636 713 annua
645 679 717 715 cura:

133 749 260 798 Candidus
272 750 363 800 auratis
375 751 452 814 aperit
462 767 537 814 quum
548 755 663 803 eornibm
674 769 767 804 annum

133 839 243 898 Taurus,
255 846 281 886 et
291 839 392 888 adverso
403 841 490 889 cedens
504 841 577 890 Canis
589 843 679 892 occidit
686 853 761 894 estro.

133 928 200 976 Atei
212 927 333 977 bitieeem
345 928 370 976 in
382 943 485 979 messem
496 933 643 993 robumque
653 935 719 983 farra

133 1016 267 1065 Exercebis
278 1017 391 1077 humum,
402 1018 509 1080 solisque
519 1019 622 1069 instabis
632 1021 713 1072 aristis

134 1106 201 1153 Ante
212 1105 259 1154 tibi
269 1107 328 1154 line
339 1107 476 1156 Atlantides
490 1109 680 1170 abscondantur,

135 1195 277 1257 Gnosiaque
287 1195 393 1244 ardentis
406 1196 505 1246 decedat
514 1199 587 1246 stella
597 1198 713 1259 Cornu,

134 1283 223 1333 Debita
233 1298 308 1346 quom
319 1284 392 1334 sulcis
402 1285 531 1334 conmittes
543 1287 648 1348 semino,
655 1303 776 1350 quamque

135 1372 220 1421 inviae
231 1387 346 1435 properes
357 1373 415 1422 anni
427 1388 494 1437 spem
504 1375 604 1424 credere
615 1384 695 1425 terrae.

135 1462 210 1510 Multi
221 1469 279 1511 ante
290 1476 404 1512 oecasum
415 1463 488 1512 Maiae
499 1477 608 1526 ooepere:
626 1466 669 1514 sed
679 1466 737 1514 illos

136 1552 282 1615 Exspectata
294 1565 360 1613 seges
370 1552 439 1601 vanis
449 1553 523 1602 elusit
531 1554 621 1604 aristis

135 1638 161 1689 Si
172 1655 231 1689 vero
241 1640 377 1702 viciamque
387 1655 452 1690 seres
463 1641 583 1704 vilemque
597 1645 711 1704 osclum,

137 1730 187 1777 Nec
199 1728 333 1778 Pelusioem
343 1743 427 1778 curam
438 1731 615 1793 adspernabere
625 1734 715 1782 lentis:

74 1833 84 1846 ·
138 1817 208 1866 Hand
220 1819 324 1868 obscure
334 1817 422 1868 cadens
434 1818 515 1868 mittet
525 1818 570 1869 tibi
579 1819 650 1880 signa
658 1821 766 1884 Bootea;

138 1905 231 1970 incipe,
245 1907 312 1983 etad
320 1907 412 1956 medies
423 1916 556 1957 sementem
567 1908 671 1958 extende
681 1910 788 1973 pruinas.

164 1997 259 2046 Idcirco
267 1998 340 2046 certis
351 1997 489 2046 dimensum
500 1998 610 2060 partibus
621 2000 707 2048 orbem

133 2087 178 2134 Per
186 2085 302 2134 duodena
312 2085 375 2146 regit
388 2085 474 2134 mundi
486 2087 529 2136 sol
541 2100 629 2136 aureus
639 2095 713 2136 astra.

132 2173 246 2236 Quinque
256 2182 343 2223 tenent
353 2175 443 2224 coelnm
454 2189 538 2223 zonae:
556 2189 660 2236 quarum
671 2191 722 2225 uno
731 2190 835 2226 corusco

131 2264 233 2326 Sapen
245 2264 298 2312 sole
309 2264 409 2324 rubens,
420 2272 446 2313 et
456 2265 550 2314 torrida
561 2279 657 2328 semper
668 2266 699 2313 ab
710 2264 779 2327 igni3

130 2353 211 2407 Quam
222 2352 316 2402 circum
327 2360 444 2402 extreme
456 2353 542 2402 dextra
553 2355 661 2416 levaque
672 2354 815 2412 trabuntur,

129 2441 243 2491 caernlee
253 2441 330 2502 glacie
341 2449 461 2492 conmetae
473 2450 546 2504 atque
558 2441 678 2490 imbribus
690 2441 761 2499 atris,

128 2530 179 2578 Hes
189 2529 256 2578 inter
267 2528 421 2591 mediamque
432 2529 486 2579 dune
499 2529 645 2579 mortalibus
655 2527 726 2589 euru

126 2618 232 2667 Munere
242 2631 365 2668 oonoesse
379 2618 461 2667 divom
471 2638 479 2680 3
496 2619 536 2667 vis
547 2625 613 2667 secta
623 2631 666 2681 per
681 2617 776 2677 ambos,
793 2617 802 2630 '

126 2705 248 2768 Obliquus
260 2719 309 2767 qne
320 2719 347 2755 se
358 2705 484 2767 signorum
495 2713 602 2754 verteret
613 2705 683 2754 ordo.

125 2794 234 2844 Mundus
245 2801 274 2844 nt
285 2794 317 2844 ad
327 2794 451 2858 Scythiam
461 2795 622 2858 Rhipaeasque
633 2794 725 2843 arduus
735 2793 798 2842 arcis

126 2882 272 2944 Consurgit:
290 2881 409 2946 premitur
421 2882 502 2946 Libye
514 2883 621 2932 devexus
632 2883 658 2930 in
669 2884 783 2932 Austros.

127 2972 173 3022 Hic
183 2980 269 3023 vertex
279 2970 351 3021 nobis
363 2986 458 3034 semper
470 2971 583 3023 sublimis
593 2991 599 3021 z
616 2980 642 3020 at
652 2970 724 3019 illum

126 3062 177 3110 Sub
187 3059 289 3124 pedibus
300 3062 362 3125 Styx
373 3067 427 3110 stre
436 3059 502 3110 videt
512 3062 647 3122 Manesque
657 3058 781 3121 profundi.

126 3152 258 3200 Maxumus
270 3149 311 3200 bic
323 3149 389 3200 flexu
400 3148 500 3199 sinuoso
512 3149 616 3198 elabitur
632 3146 727 3209 Anguis
