2334 3734
325 560 329 565 ’
390 547 392 550 ’
432 541 592 592 AENElDOS
608 543 671 593 LlB.
689 545 719 593 V.
929 543 975 590 235

113 705 117 714 ·
176 674 225 722 Dat
234 670 299 722 teu‘to
309 660 444 733 hrenum}
462 686 523 720 mox
533 685 589 720 aere
599 671 668 734 lapsa
678 670 761 732 quieto

177 761 250 811 Radit
260 761 308 810 iter
317 761 449 823 liquidum,
460 761 547 810 celeris
558 775 638 823 neque
649 767 779 810 conmoret
788 761 856 809 alos.

178 850 218 900 Sic
229 850 385 911 Mnestheus,
395 849 431 899 sic
441 850 495 913 ipsa
503 851 560 912 fuga
570 857 635 899 secat
645 850 733 898 ultima
745 849 831 900 Pristis

174 941 295 1002 AEquora,
306 939 420 988 siciliam
432 941 481 989 fert
489 940 586 1004 inpetus
597 941 649 1004 ipse
659 942 791 991 volantem.

174 1030 207 1078 Et
216 1029 324 1092 primum
336 1029 361 1077 in
373 1029 474 1092 scopulo
485 1031 619 1079 luctantem
631 1030 721 1079 detuit
731 1031 782 1079 alto

175 1121 313 1182 sugestm
325 1119 486 1182 brevibusque
496 1120 574 1180 vadis,
583 1121 721 1183 frustraque
732 1128 858 1170 meantem
886 1155 887 1162 η
943 1167 946 1174 .

175 1208 286 1269 Auxilia,
297 1216 323 1258 et
333 1208 416 1258 fractis
426 1209 560 1258 directum
572 1224 671 1258 currere
682 1211 765 1258 remis.

175 1299 236 1349 lnde
244 1301 311 1364 Gyan
324 1299 450 1363 ipsamque
461 1299 554 1362 ingenti
565 1300 632 1348 mole
643 1299 793 1348 Chimaeraru

176 1389 356 1452 solsequiam
372 1389 447 1450 cedit,
459 1389 576 1452 quonism
589 1388 691 1452 spoliata
701 1388 818 1450 magistro
828 1395 873 1437 est.

175 1480 248 1530 Solus
254 1481 354 1542 jamque
364 1479 417 1543 ipso
428 1485 539 1542 superest
549 1478 575 1526 in
588 1478 637 1526 line
649 1477 799 1526 Cloanthus:

176 1570 256 1625 Quem
266 1567 337 1632 petit,
348 1578 374 1618 et
383 1569 486 1619 summis
499 1569 603 1618 aduinus
615 1568 706 1617 viribus
720 1574 816 1629 urguet

174 1659 239 1707 'lium
250 1673 307 1708 vero
318 1658 452 1720 ingeminat
461 1660 565 1718 clamor,
572 1657 701 1720 cuucdque
713 1663 853 1719 sequentem

176 1747 294 1810 instigant
304 1748 402 1808 studiis,
413 1755 559 1810 resonatque
570 1747 707 1809 fragoribus
718 1747 802 1795 ather.

134 1880 136 1882 .
178 1837 222 1899 Hi,
233 1837 361 1902 proprium
371 1837 445 1886 decus
456 1845 481 1886 et
491 1845 600 1901 partim,
611 1837 781 1898 indignantur,
793 1836 913 1886 honorem

177 1927 210 1976 Ni
221 1934 337 1989 teneant3
354 1927 477 1989 vitamque
487 1929 574 1976 volunt
581 1941 626 1990 pro
637 1927 710 1975 laude
720 1924 817 1989 pacisci.

175 2019 227 2068 llos
238 2032 365 2068 suoeessus
375 2017 420 2066 alit
430 2037 438 2080 ;
455 2025 567 2081 possunt,
578 2015 636 2079 quia
646 2029 717 2080 posse
729 2014 853 2064 videntur.

173 2110 207 2158 lit
215 2111 268 2158 fors
278 2108 379 2172 oequufis
390 2109 511 2171 cepissent
523 2107 624 2170 prumia
635 2105 740 2156 rostris:
814 2147 818 2153 .

174 2199 219 2260 Ni,
231 2201 325 2264 punias
336 2193 413 2262 ponto
423 2197 525 2246 uadens
537 2204 663 2258 utrasque,
676 2195 813 2245 Cloanthus

173 2290 331 2352 Fudissetque
342 2294 436 2352 preces,
448 2288 565 2350 divosque
575 2287 602 2334 iu
613 2293 670 2335 vota
680 2292 803 2334 vocasset:

174 2381 216 2442 Di,
228 2381 316 2444 quihus
326 2380 458 2444 imperium
469 2387 507 2428 est
518 2377 607 2442 pelugi,
619 2390 724 2439 quorum
736 2387 834 2437 aquosa
844 2386 928 2434 curro,

174 2471 250 2520 Vohis
261 2473 335 2521 laetu
346 2485 391 2532 ego
401 2472 450 2520 hoc
460 2469 606 2521 tundentem
618 2468 643 2530 in
655 2467 727 2528 liurre
738 2473 836 2516 taurum

176 2560 330 2611 Constiuram
342 2568 399 2608 ante
410 2559 537 2619 arossvoti
548 2572 616 2617 reus,
629 2543 732 2617 extaque
744 2554 822 2602 salsos

176 2648 311 2697 Pocrinium
321 2648 347 2697 iu
357 2646 457 2708 ductus,
471 2645 560 2696 ctrina
570 2643 688 2706 liquentia
699 2642 808 2692 fundam.

176 2737 255 2799 Dixit,
268 2741 373 2800 eumque
385 2737 441 2786 imis
452 2738 498 2786 suh
508 2736 622 2785 fluctibus
634 2733 711 2783 audiit
721 2732 802 2782 omnis

176 2827 311 2876 Nereidum
321 2827 457 2888 Phorcique
468 2826 558 2874 chorus
570 2826 730 2886 Panopeaque
741 2821 820 2882 virgo:

177 2920 210 2968 lit
219 2925 288 2982 pater
296 2917 349 2980 ipse
359 2931 434 2965 manu
445 2929 532 2977 magna
544 2917 667 2964 Portunus
679 2919 778 2960 euntem

178 3007 278 3070 inpulit.
312 3006 360 3055 1113
370 3012 430 3054 uoto
440 3004 511 3052 citius
521 3001 664 3062 voluistique
675 2999 761 3061 sagitta

178 3095 218 3144 Ad
229 3103 321 3145 terram
332 3093 405 3154 fugit,
417 3100 443 3140 et
452 3100 528 3155 portu
536 3105 563 3140 se
570 3088 681 3139 condidit
691 3089 749 3138 ulto.

178 3185 242 3233 inm
254 3191 322 3234 satu
335 3181 452 3241 Anchisa
462 3179 556 3230 cuneis
567 3193 599 3229 ex
611 3191 680 3228 more
690 3175 792 3235 vocaus,
