2334 3734
398 530 555 590 AENEIDOS
572 544 635 594 ΜΒ.
652 548 707 598 Vll.
907 563 954 611 307

152 650 284 713 Deriguere
295 657 376 721 oculi3
393 669 431 711 tot
441 665 546 731 Erinnys
557 670 640 722 sibilat
650 675 743 739 hydris,

153 741 279 805 'llantuque
289 760 316 794 re
327 748 400 800 lucius
411 755 496 815 aperit.
528 760 593 808 'lum
606 763 718 816 flammea
729 776 844 833 torquens

153 829 258 880 Lumina
267 843 422 888 cunctantem
432 851 458 891 et
467 856 615 905 querentem
627 851 707 903 dicere
718 858 789 919 plura
890 914 894 923 ,

152 918 259 981 Repulit,
270 931 295 973 et
304 927 414 985 geminos
425 933 504 981 erexit
514 936 621 987 'crinibus
633 943 728 1004 unguis,

151 1008 305 1073 Vcrberuque
316 1014 435 1079 insonuit,
446 1022 577 1086 rabidoque
588 1027 640 1077 haec
651 1030 741 1082 addidit
752 1051 807 1086 ore:

148 1095 198 1153 lln,
209 1111 253 1159 ego
264 1101 328 1150 rictu
337 1103 396 1165 situ,
411 1119 484 1169 quum
493 1114 545 1160 veri
556 1115 627 1165 effeta
638 1129 747 1171 senectus

149 1181 227 1229 Arma
236 1182 300 1233 inter
311 1201 395 1248 regum
403 1192 464 1240 falsa
475 1194 605 1246 formidine
615 1201 693 1264 ludit3

150 1270 366 1332 Respineadhaec:
384 1279 469 1329 auum
481 1281 590 1333 utrarum
602 1288 631 1335 ab
642 1290 697 1349 sere
709 1278 836 1357 sororum

148 1357 219 1407 Bella
229 1374 304 1410 manu
313 1364 438 1429 letumque
449 1384 515 1430 gero.
872 1381 874 1386 ’

148 1446 188 1495 Sic
197 1449 269 1499 effatu
279 1452 356 1503 lucem
363 1457 447 1515 juveni
458 1462 570 1522 conjecit,
582 1472 608 1512 et
618 1474 671 1515 atro

149 1536 252 1587 Lumine
263 1541 379 1593 fumantis
391 1546 446 1596 fixit
456 1551 501 1597 sub
512 1561 609 1613 pectore
616 1554 702 1604 tedas.

147 1624 199 1675 Olli
210 1641 324 1679 somnum
335 1633 419 1695 ingene
428 1640 519 1701 rumpit
529 1654 613 1703 pavor,
625 1656 727 1707 ossaque
738 1654 762 1695 et
774 1657 840 1698 artus

145 1714 274 1767 Perfundit
283 1727 336 1777 totu
347 1733 476 1787 proruptus
487 1742 589 1790 corpore
600 1732 683 1781 sudor.¹

144 1803 221 1852 Arma
231 1818 314 1856 amens
325 1810 423 1874 fremit3
441 1828 510 1863 urmu
520 1824 574 1865 toro
586 1820 703 1883 tectisque
714 1823 822 1885 requirit.

144 1890 217 1940 Saevit
227 1907 297 1943 umor
307 1898 376 1959 terri,
388 1909 413 1949 et
422 1904 538 1953 scelerata
548 1905 643 1957 insania
654 1910 711 1958 belli
720 1931 728 1973 ;

143 1980 184 2029 lru
194 1996 281 2047 ruper3
298 2001 387 2049 mugnu
394 1993 469 2041 veluti
480 2009 556 2055 quum
567 1997 666 2048 flamma
676 2005 775 2051 sonore

140 2068 228 2130 Vrrgeu
237 2076 371 2134 suggeritur
381 2080 454 2127 costis
464 2081 656 2147 undantium,

142 2157 319 2223 Emultuntque
330 2173 390 2213 aeetn
400 2167 500 2230 latices3
518 2171 578 2220 furit
588 2174 654 2222 intus
665 2176 735 2237 aquai

141 2247 257 2299 Fumiduu
268 2262 340 2313 atque
350 2255 398 2303 ulte
409 2257 500 2318 spumis
512 2261 629 2309 exuberat
639 2264 734 2326 amnis3

141 2336 193 2384 Nec
201 2339 253 2397 jum
264 2353 291 2388 ue
302 2340 366 2403 cupit
376 2343 441 2391 undu
451 2364 459 2406 ;
476 2347 542 2395 volat
552 2361 628 2409 vapor
639 2358 690 2399 uter
700 2351 731 2399 ad
741 2365 819 2403 auras.

141 2425 207 2486 Ergo
217 2428 263 2476 iter
274 2430 304 2477 nd
315 2445 396 2493 regem
407 2434 501 2495 pdllutu
510 2449 568 2497 pace
579 2437 692 2486 Latinum

141 2513 228 2564 Indicit
238 2518 322 2579 primis
330 2522 458 2583 juvenum)
467 2532 492 2571 et
498 2526 568 2585 jubet
578 2539 646 2585 arma
657 2528 747 2589 parari,
769 2591 772 2596 .
846 2546 848 2553 ·

139 2605 225 2653 'lutari
237 2607 342 2669 ltaliam,
353 2611 482 2679 detrudere
492 2614 581 2662 tinibus
592 2615 704 2663 hostem':

139 2668 171 2741 Se
183 2694 240 2743 rutis
251 2698 368 2748 ambobus
379 2702 526 2763 Teucrisque
538 2696 621 2750 venire
631 2704 777 2767 Latinisque.

87 2760 91 2770 ¹
139 2783 197 2830 Haec
204 2783 246 2831 ubi
257 2785 320 2835 dictu
328 2788 407 2848 dedu,-
415 2790 529 2851 divosque
540 2789 566 2836 in
578 2796 634 2838 vota
643 2792 750 2840 vocavit:

138 2869 255 2920 Certatim
267 2874 319 2922 sese
330 2877 413 2925 Rutuli
424 2879 584 2925 exhortantur
595 2878 620 2925 in
631 2891 706 2927 arma.

138 2958 210 3006 Hunc
220 2960 294 3009 decue
304 2962 425 3023 egregium
436 2964 521 3012 iormae
533 2972 614 3014 movet
625 2973 695 3027 utque
704 2967 808 3025 invente
820 2986 828 3027 ;

138 3046 211 3095 Hunc
222 3048 284 3098 atuvi
295 3064 362 3110 reges
372 3069 380 3111 3
397 3050 461 3098 hunc
472 3052 544 3100 claris
555 3052 654 3100 dextera
665 3052 742 3100 lactis.

170 3135 235 3184 Dum
245 3138 344 3186 'lirrnur
355 3139 458 3187 Rutulus
469 3138 695 3189 unimir'auducibus
706 3140 791 3203 inplet,
890 3148 892 3153 ’
