2334 3734
223 510 272 557 rio
431 508 459 553 a
476 505 613 555 vincum
630 486 784 555 rrauoms

222 639 304 699 thue
315 634 371 684 dato
384 633 453 695 signo
465 633 542 696 spatia
552 633 577 681 in
589 646 634 681 sua
643 632 744 694 quisque
755 632 869 683 recessit:

221 725 335 786 Defigrmt
346 724 435 772 tellure
445 722 538 781 hastas,
549 729 575 771 et
585 729 653 769 scuta
665 721 793 769 reclinant.

220 814 285 860 'lum
296 809 377 860 studio
387 810 468 869 effusae
479 815 579 868 matres,
592 816 617 856 et
628 809 712 869 volgus
724 808 858 868 inermum,

221 898 370 960 Invalidique
381 912 461 957 senes,
471 898 544 945 turris
557 905 582 945 et
593 905 657 945 tecta
667 896 797 945 domorum
898 955 900 958 Ι

221 987 361 1048 0bsedere;
378 985 420 1034 alii
432 984 508 1047 portis
517 984 662 1033 sublimibus
672 984 776 1034 adstant.

252 1076 286 1123 At
297 1076 364 1124 luno
376 1082 389 1121 e
400 1088 507 1132 summo,
520 1073 561 1132 qui
572 1087 638 1121 nunc
649 1074 760 1121 Albanus
770 1072 884 1131 habetur,

220 1166 286 1213 Tum
294 1178 372 1225 neque
381 1178 471 1211 nomen
483 1170 546 1221 erat,
559 1176 604 1210 nec
615 1161 705 1221 honos,
717 1169 761 1209 aut
771 1161 850 1222 gloria
859 1159 950 1221 monti,

222 1252 374 1316 Prospiciens
386 1254 481 1301 tumulo
492 1264 605 1312 campum
615 1250 779 1311 adspectabat,
789 1257 814 1297 et
828 1250 921 1309 ambas,

222 1341 371 1389 Laurentum
381 1342 531 1401 Troumque,
543 1338 606 1387 acies
617 1338 751 1399 urbemque
762 1337 851 1386 Latini.

220 1429 353 1491 Extemplo
360 1428 440 1476 Turni
451 1428 485 1475 sic
496 1436 534 1477 est
541 1426 623 1475 adfata
633 1439 755 1485 sororem,

223 1516 285 1567 Diva
295 1516 377 1580 deam,
390 1517 480 1578 segnis
492 1532 546 1577 quae
556 1516 747 1577 fluminibusque
758 1516 854 1563 sonoris

221 1605 356 1667 Prasidet;
373 1606 439 1654 bunc
450 1606 487 1656 illi
498 1619 541 1653 rex
553 1604 652 1653 aetheris
662 1605 726 1653 altus
737 1604 858 1652 bonorem

222 1693 334 1756 luppiter
345 1701 428 1755 erepta
438 1707 482 1756 pro
494 1691 631 1753 virginitate
642 1674 759 1740 mariti

223 1782 346 1844 Nympha,
359 1780 431 1831 decus
443 1781 582 1841 fluviorum,
594 1781 677 1829 animo
688 1779 929 1841 gratissimarum,

222 1868 287 1930 Scis,
298 1877 325 1917 ut
336 1876 360 1918 te
371 1870 463 1919 cunctis
474 1883 560 1929 uuam,
571 1882 729 1930 quaecumque
738 1866 832 1916 Latinae

222 1955 374 2017 Magnanimi
385 1956 453 2005 lovis
465 1956 587 2017 ingratum
598 1956 743 2005 adscendere
752 1955 843 2017 cubile,

222 2042 387 2105 Praetulerim,
397 2044 499 2107 ooelique
511 2046 598 2095 lubens
609 2044 635 2093 in
646 2052 714 2106 parte
725 2043 827 2093 locarim
836 2063 858 2093 ε·

223 2134 295 2183 Disce
305 2139 386 2193 tuum,
399 2147 430 2181 ne
441 2147 480 2181 rne
491 2133 599 2193 incuses,
611 2134 730 2193 lutuma,
741 2131 861 2180 dolorem.

223 2224 279 2275 Qua
288 2220 339 2269 visa
349 2229 386 2269 est
397 2223 496 2269 fortuna
506 2221 565 2283 pati,
599 2223 727 2283 Paronque
738 2204 852 2269 sinebant

225 2310 316 2359 Cedere
324 2324 364 2358 res
376 2309 455 2370 Latio,
464 2312 576 2359 'liunum
588 2317 613 2358 et
623 2318 665 2358 tua
676 2308 767 2357 moeuia
778 2308 844 2358 texi:

224 2401 298 2447 Nunc
307 2400 423 2459 juvenem
435 2398 559 2460 inparibus
567 2397 637 2446 video
648 2396 871 2457 concurrerem,

224 2488 401 2548 Parcarumque
412 2485 463 2535 dies
475 2496 500 2535 et
509 2488 545 2535 vis
556 2486 655 2535 inimica
664 2487 819 2549 propinquat.
926 2477 930 2483 ¹

224 2578 281 2624 Nou
292 2589 397 2638 pugnam
409 2576 532 2638 adspicere
544 2577 607 2624 banc
618 2576 706 2635 oculis,
718 2588 768 2623 nou
779 2556 871 2623 foedera
879 2588 988 2638 possum

222 2665 273 2723 Tu,
281 2677 326 2725 pro
338 2677 454 2723 germano
464 2662 485 2710 si
497 2663 555 2724 quid
566 2663 709 2725 presentius
720 2661 805 2722 audes,

224 2755 317 2815 Perge3
335 2750 411 2801 dccet.
444 2754 535 2801 Forsan
548 2754 650 2801 miseros
661 2752 764 2800 meliora
775 2759 914 2813 sequentur.

223 2840 272 2891 Vix
282 2854 324 2889 ea:
336 2855 411 2902 quum
423 2841 534 2889 lacrimas
547 2841 625 2889 oculis
636 2844 744 2890 luturna
753 2839 878 2903 profudit3

224 2932 320 2991 Terque
331 2937 463 2991 quaterque
476 2944 550 2977 manu
561 2937 644 2991 pectus
655 2928 775 2991 perclusit
785 2928 924 2976 honestum.

225 3019 249 3066 N
251 3031 283 3065 on
296 3016 402 3065 lacrimis
413 3018 460 3065 hoc
472 3025 576 3080 tempus,
588 3017 624 3065 ait
633 3016 749 3065 Saturnia
758 3018 841 3066 luno:

219 3103 353 3165 -Adcelera‚
364 3112 389 3153 et
399 3106 510 3165 fratrem,
522 3103 544 3153 si
555 3104 610 3167 quis
621 3104 719 3167 modus,
729 3104 796 3169 eripe
807 3102 897 3155 morti:
