2334 3734
424 467 713 545 mmmu

166 616 307 680 deprocul,
320 617 343 668 0
355 617 450 682 miseri,
461 635 517 683 qun
528 627 598 672 unus
608 622 715 686 insanis,
725 624 812 676 cives?

169 705 274 756 Creditis
285 715 381 757 avectos
393 708 471 759 hostis
482 712 492 758 i
511 718 554 760 aut
564 712 617 760 ulls
628 689 718 776 putetis

168 796 240 844 Dona
249 809 332 846 were
344 796 407 846 dolis
419 800 552 848 Densum?
572 800 608 849 sic
619 809 693 852 notus
705 803 810 854 Ulixes?

168 885 219 934 Aut
229 885 276 934 hoc
288 885 377 934 inclusi
388 886 456 948 ligno
468 889 622 964 occultunmr
635 891 730 953 Achivi,

132 978 137 984 '
167 975 218 1022 Aut
229 974 283 1024 haec
294 975 320 1023 in
333 983 431 1025 nosnos
442 977 560 1027 fabricare
570 986 608 1026 est
619 980 731 1030 machina
742 996 837 1044 muros,

168 1063 309 1127 Inspectum
319 1064 416 1126 domos,
429 1074 578 1128 venturaque
590 1067 693 1131 desuper
703 1069 776 1132 urbi;

167 1154 219 1202 Aut
228 1152 316 1215 aliquis
328 1154 389 1202 latet
398 1169 484 1218 error3
502 1157 572 1218 Equo
584 1171 617 1205 ne
626 1157 729 1219 credite,
740 1160 837 1208 Teucri.

169 1241 292 1304 Quidquid
302 1223 330 1292 id
341 1252 388 1304 est,
400 1245 476 1292 timeo
488 1246 587 1294 Danaos
598 1253 623 1294 et
634 1245 699 1296 donn
709 1247 819 1298 serentis.

167 1333 208 1382 Sic
219 1333 294 1394 fatus,
306 1313 392 1382 validis
403 1335 527 1397 ingentem
538 1334 630 1384 viribus
642 1335 737 1384 hastam

168 1424 196 1471 ln
208 1423 271 1472 istus
283 1422 357 1485 inque
368 1424 414 1473 feri
424 1425 680 1487 currumccupegibus
691 1426 774 1474 sirum

168 1513 302 1563 Concurrit.
336 1512 409 1562 Stetit
419 1513 463 1562 illa
473 1521 592 1575 tremens,
604 1522 722 1576 uteroque
734 1529 831 1565 recusso

167 1605 299 1654 Insonuere
311 1618 374 1654 cnvae
386 1605 550 1666 gemitumque
562 1603 652 1653 dedere
662 1617 781 1652 mvernoe.

168 1695 210 1755 Et,
220 1694 241 1744 si
253 1697 303 1744 ista
314 1694 398 1755 deum,
412 1695 434 1742 si
446 1708 515 1743 mens
526 1708 576 1742 nou
589 1695 652 1742 laevs
663 1692 759 1754 diisset,

169 1786 302 1849 Inpulerat,
315 1786 382 1834 ferro
394 1784 520 1846 Argolicus
533 1785 627 1834 ioedare
637 1785 744 1832 latebras
755 1803 763 1845 ;

166 1874 287 1936 Trojsque
299 1880 462 1934 numerares,
475 1867 614 1935 Priamique
626 1887 670 1921 arx
682 1873 733 1921 altu
744 1886 864 1922 manua.

196 1963 269 2024 Ecce,
280 1977 367 2012 munus
376 1963 490 2023 juvenem
503 1962 596 2011 interes
605 1970 661 2025 post
669 1969 738 2023 terga
748 1961 884 2012 revinctum

168 2053 279 2101 Pastores
290 2065 378 2114 magno
390 2051 421 2100 sd
431 2065 513 2113 regem
525 2051 632 2100 clamore
643 2050 775 2098 trahebant

166 2141 324 2191 Dndnnidae:
343 2141 384 2204 qui
396 2156 421 2190 se
433 2141 543 2202 ignotum
554 2140 707 2210 venientibus
718 2141 796 2198 ultro,

165 2233 218 2282 Huc
228 2231 308 2295 ipsum
319 2239 348 2281 ut
357 2239 472 2292 strueret,
482 2231 631 2292 Troiamque
642 2228 748 2292 aperiret
758 2226 868 2287 Achivis,

163 2322 302 2382 Obtulerat,
314 2321 391 2370 fidens
402 2320 488 2380 animi,
500 2329 573 2381 atque
584 2319 611 2367 in
622 2326 753 2379 utrumque
764 2323 872 2379 parsurus,

166 2409 215 2459 Seu
226 2424 322 2459 versare
334 2409 415 2469 dolus,
427 2423 471 2458 seu
482 2415 555 2457 certae
566 2407 710 2456 occumbere
720 2403 803 2453 murti.

167 2500 281 2563 Undique
292 2499 386 2549 visendi
396 2500 476 2549 surdis
488 2499 597 2558 Trojans
605 2497 720 2556 juventus

169 2589 324 2640 Circumfusa
336 2589 396 2650 ruit,
408 2595 550 2650 certansque
562 2585 673 2634 inludere
685 2590 764 2645 cepto.

165 2679 257 2744 Adcipe
268 2693 333 2729 nunc
344 2680 455 2729 Danaum
467 2677 615 2740 insidins,st
625 2674 727 2725 crimine
739 2674 770 2722 ab
783 2686 833 2722 uno

169 2768 240 2818 Disce
250 2769 340 2840 omnis.

165 2857 287 2919 Namque,
298 2864 327 2906 ut
337 2864 467 2921 conspectu
478 2855 503 2905 in
516 2855 597 2905 medio
607 2856 730 2912 urbasus,
741 2846 854 2908 inermis,

167 2944 294 3007 Constitit,
305 2954 377 3009 nuque
387 2946 464 2995 oculis
477 2946 581 3008 Phrygis
591 2942 687 3006 agmina
697 2933 885 2998 circumspexit:

69 3021 73 3030 ¹
166 3035 233 3096 Heu,
244 3049 299 3098 quus
311 3050 377 3084 nunc
388 3035 472 3096 uuus,
484 3034 573 3096 inquit,
585 3047 639 3096 quae
650 3045 689 3080 ms
700 3040 798 3090 equora
807 3030 911 3089 possunt

161 3123 300 3192 Adcipere?
320 3132 363 3176 sut
373 3122 431 3188 quid
440 3125 492 3185 jum
503 3123 594 3173 misero
605 3119 667 3170 mihi
678 3117 780 3179 denique
790 3114 886 3163 rarus?
