2334 3734
417 540 577 595 AENEIDOS
599 546 663 596 tiu.
680 546 700 596 1.
914 545 959 600 1³³
998 579 1003 590 ·

159 671 216 724 Quo
227 665 345 733 primum,
354 672 441 734 jactati
451 674 523 724 undis
534 682 559 724 et
570 674 680 736 turbine,
692 671 763 724 Poeni

160 757 275 808 Effudere
286 760 340 810 loeo
352 762 459 824 signum,
471 763 537 826 quod
547 764 693 826 regiarum

161 848 323 912 Monstraraq
333 858 406 914 caput
416 852 479 901 aeris
490 853 563 916 equi;
580 854 615 903 sic
626 868 684 904 unm
696 855 749 902 iore
758 853 824 903 bello

162 936 300 1001 Egregium,
313 947 337 988 et
348 941 444 992 facilem
455 942 519 992 victu
530 957 574 1005 per
586 944 675 992 meula
684 951 789 1002 gentem.

163 1024 211 1074 llic
221 1028 340 1090 templum
350 1029 446 1078 lunoni
460 1030 545 1093 ingens
558 1031 660 1081 Sidonia
670 1031 735 1081 Dido

164 1113 301 1177 Condebat,
313 1116 385 1166 donis
395 1120 539 1181 opulentum
551 1127 577 1168 et
587 1120 689 1169 numine
700 1120 775 1169 divae:

161 1205 237 1254 AErea
245 1205 286 1254 cui
296 1208 409 1268 gradibus
419 1210 551 1271 surgebant
560 1208 657 1270 limina,
670 1223 787 1271 nexuque
832 1244 839 1254 .
857 1217 861 1223 '

164 1294 225 1343 AEre
235 1296 333 1359 trabes3
351 1297 445 1346 foribus
455 1298 528 1348 nardo
540 1298 658 1351 stridebat
667 1297 743 1348 senis.

163 1385 217 1434 Hoc
228 1385 334 1449 primum
346 1387 372 1436 in
384 1390 440 1437 luno
451 1403 515 1438 nova
525 1403 564 1438 res
575 1390 658 1438 obluta
667 1388 782 1438 timorem

163 1474 260 1538 Lenilt;
277 1475 317 1524 hic
328 1476 435 1541 primum
447 1478 538 1528 AEneas
549 1491 647 1542 sperare
657 1478 762 1526 sulutem

163 1565 257 1627 Ausus,
268 1572 293 1614 et
303 1565 405 1616 adflictis
417 1567 504 1616 melius
515 1567 639 1618 confidere
650 1567 731 1615 rebus.

164 1655 286 1716 Namque,
298 1656 343 1703 snb
354 1654 447 1717 ingenti
458 1657 546 1705 lustrat
557 1656 616 1704 dum
627 1654 723 1716 singula
733 1652 837 1714 templo,

162 1743 280 1805 Reginam
292 1746 430 1809 opperiens,
442 1747 512 1807 dum,
525 1761 579 1809 quae
591 1746 691 1794 fortuna
701 1743 734 1794 sit
742 1742 810 1804 urbi,

164 1834 341 1897 Artificumque
351 1850 438 1886 manus
450 1835 515 1886 inter
525 1851 562 1898 se,
574 1835 854 1900 operumquelnborem,

164 1923 281 1985 Miratur,
292 1925 357 1974 videt
368 1925 454 1975 Iliacus
465 1940 496 1975 ex
506 1925 593 1975 ordine
604 1939 708 1989 pugnes,

166 2013 282 2076 Bellaque
291 2016 343 2075 jnm
355 2016 421 2064 fama
431 2023 510 2066 totum
519 2018 615 2078 vulgate
624 2031 668 2080 per
678 2018 774 2076 orbem,

166 2101 276 2164 Atridas,
288 2102 471 2166 Priamumque,
483 2113 508 2154 et
517 2120 609 2155 saevum
620 2107 740 2154 ambobus
750 2102 882 2153 Achillem

167 2191 299 2260 Constitit3
316 2200 343 2242 et
353 2193 494 2254 lacrimans,
504 2195 568 2248 Quis
577 2195 630 2255 jum
640 2195 720 2253 locus,
731 2191 931 2254 inquimus,

167 2285 228 2338 Quae
236 2282 304 2345 regio
315 2281 425 2332 interris
437 2283 515 2332 nostri
525 2297 576 2332 non
588 2283 661 2346 plene
671 2281 782 2346 luboris?

167 2375 205 2422 lin
217 2373 338 2422 Priamus.
371 2375 434 2423 Sunt
445 2372 485 2422 hic
495 2373 569 2423 etiem
580 2387 626 2422 sua
634 2371 735 2436 praemie
745 2370 827 2432 laudi3

166 2465 230 2513 Sunt
240 2463 348 2513 lncrimae
359 2478 442 2512 rerum
452 2483 460 2526 ;
477 2470 502 2512 et
513 2471 621 2512 mentem
633 2461 747 2510 mortalia
756 2467 867 2520 tangunt.

166 2554 238 2604 Solve
250 2561 330 2603 metus
339 2573 347 2615 ;
365 2554 427 2602 leret
437 2553 489 2602 haec
500 2551 608 2615 aliquam
618 2550 664 2600 tibi
675 2550 741 2598 famu
751 2550 863 2628 salutem.

167 2642 207 2692 Sic
218 2642 263 2704 ait,
275 2650 347 2705 utque
358 2642 467 2692 animum
478 2641 574 2705 pictura
582 2639 661 2702 pascit
671 2638 749 2699 inani,

169 2733 249 2781 Multa
260 2745 371 2794 gemens,
382 2734 497 2795 largoque
508 2732 633 2780 humectat
643 2730 745 2780 flumine
755 2726 857 2780 voltum.

168 2823 281 2883 Namque
290 2821 397 2882 videbat,
407 2821 445 2872 uti
455 2821 574 2870 bellantes
586 2823 704 2882 Pergama
712 2820 805 2870 circum

169 2912 221 2960 liae
232 2912 345 2974 fingerent
355 2911 435 2972 Graii,
447 2918 569 2976 premeret
578 2911 687 2970 'liniens
695 2911 827 2969 juventns3

169 3003 221 3052 liar
230 3003 337 3067 Phryges
345 3023 354 3066 3
371 3003 474 3052 instaret
483 3018 557 3052 curru
568 3003 681 3052 cristatus
691 2999 809 3049 Achilles.

170 3093 222 3142 Nec
232 3093 319 3157 procul
331 3091 390 3142 hinc
400 3091 475 3142 Rhesi
485 3091 562 3142 niveis
573 3090 680 3141 tentoria
688 3089 749 3138 'velis

168 3181 302 3246 Adgnoscit
312 3183 458 3244 luerimuus3
474 3181 554 3245 primo
566 3196 620 3244 qnoe
632 3179 728 3243 prodire
738 3192 826 3228 somno
