2334 3734
341 588 343 595 ‘
411 574 567 626 AENEIDOS
592 578 654 624 LIB.
671 576 726 633 xli.
919 578 964 624 461

172 702 255 762 Pugna
265 703 319 750 loco
331 702 415 750 statuit
424 702 557 764 Teucros),
569 703 635 752 haud
646 705 723 752 multa
735 710 854 763 morante,

170 790 268 854 Excipit
277 790 302 839 in
313 791 387 851 latus,
398 798 433 852 ct,
444 806 492 853 qua
501 792 551 840 fata
561 792 698 853 celerrima,
709 791 810 841 crudum

171 877 324 938 Transadigit
334 886 412 927 costas
423 887 448 927 et
459 888 536 928 crates
548 881 652 943 pectoris
665 894 757 929 ensem.

171 968 269 1015 Turnus
280 981 342 1028 equo
354 967 472 1029 dejectum
483 971 613 1031 Amycum,
626 970 774 1031 fratremque
785 968 895 1025 Dionem,

173 1055 322 1115 Congressus
333 1055 404 1117 pedes
416 1076 421 1103 ι
438 1056 503 1113 hunc
514 1057 650 1104 venientem
660 1056 756 1118 cuspide
767 1058 850 1117 longa,

119 1135 124 1143 '
175 1143 246 1191 Hunc
258 1157 374 1191 mucrone
386 1144 460 1205 ferit3
478 1158 598 1205 curruque
608 1143 700 1191 abscisa
710 1144 814 1191 duorum

173 1229 302 1291 Suspendit
312 1230 400 1293 capita,
412 1238 437 1277 et
448 1229 556 1278 rorantia
566 1230 682 1291 sanguine
694 1238 782 1293 portat.

175 1312 221 1365 llle'
231 1319 310 1366 Talon
320 1316 470 1379 Tanaimque
482 1318 535 1367 neci
546 1318 682 1379 fortemque
694 1319 837 1379 Cethegum,

175 1405 232 1453 Tris
243 1420 292 1453 uno
303 1420 444 1467 congressu,
456 1414 481 1454 et
491 1413 602 1454 maestum
613 1404 689 1455 mittit
700 1406 807 1467 Onyten,

175 1480 272 1535 Nome'n
282 1488 439 1548 Echionium,
451 1488 583 1549 matrisque
595 1501 668 1547 genus
680 1487 800 1548 Peridiae3

175 1574 221 1623 Hic
233 1575 319 1623 fratres
331 1576 403 1637 Lycia
413 1576 500 1624 missos
510 1583 535 1623 et
545 1574 667 1638 Apollinis
680 1573 754 1635 agris,

173 1666 205 1712 Et
213 1666 326 1723 juvenem
339 1679 439 1712 exosum
451 1664 612 1726 nequidquam
623 1664 688 1712 bella
699 1665 823 1711 Menoeten

174 1753 282 1825 Arcada:
300 1753 399 1816 piscosae
409 1754 448 1801 cui
459 1753 550 1801 circum
562 1752 664 1801 flumina
675 1755 759 1800 Lernae

176 1845 224 1891 Ars
236 1842 325 1902 iuerat,
336 1856 472 1906 pauperque
483 1841 587 1903 domus;
604 1855 650 1889 nec
660 1848 719 1888 nota
730 1845 856 1903 potentum

175 1930 270 1979 Limina
276 1950 284 1991 ;
301 1930 465 1991 conductaque
476 1930 543 1992 pakr
552 1930 640 1977 tellure
651 1929 751 1985 ferebat.

176 2022 212 2069 Ac
224 2021 290 2068 velut
300 2019 399 2067 inmissi·
406 2018 505 2067 diversis
516 2018 625 2081 partibus
636 2018 704 2079 ignes

136 2100 140 2104 ⁴
176 2110 293 2156 Arentem
305 2108 330 2155 in
341 2106 426 2155 silvain
438 2114 462 2155 et
472 2108 575 2167 virgulta
588 2106 700 2161 sonantia
710 2108 797 2166 lauro,

177 2199 228 2244 Aut
238 2193 280 2242 ubi
290 2194 392 2241 decursu
403 2192 487 2255 rapido
496 2191 526 2240 de
536 2192 659 2239 montibus
670 2191 726 2238 altis
747 2201 755 2206 ·

178 2285 243 2331 Dant
253 2281 359 2329 sonitum
370 2261 583 2343 spumosi'amnes,
595 2285 620 2327 et
630 2278 656 2325 in
666 2292 764 2339 aequora
774 2287 884 2337 cmrunt,

179 2370 286 2432 Quisque
298 2383 369 2417 suum
381 2368 507 2432 populatus
518 2366 579 2415 iter:
598 2351 649 2414 non
657 2365 752 2426 segnius
763 2367 835 2413 ambo

179 2460 268 2507 AEneas
278 2459 423 2517 'lurnusque
435 2462 510 2503 ruunt
520 2468 562 2517 per
572 2454 674 2515 proelia3
693 2466 767 2511 nunc,
779 2466 844 2500 nunc

113 2600 115 2605 ,
179 2548 290 2595 Fluctuat
300 2545 336 2593 ira
346 2536 428 2605 intus,
442 2549 587 2605 rumpuntur
598 2540 679 2589 nescia
689 2538 752 2588 vinci

181 2636 297 2697 Pectora;
315 2649 379 2682 nunc
390 2633 448 2681 totis
460 2632 485 2679 in
496 2623 597 2680 volnera
608 2629 698 2678 viribus
710 2628 766 2677 itur.

180 2724 323 2786 Murranum
334 2722 384 2783 hic,
394 2729 475 2770 atavos
486 2727 511 2768 et
521 2733 621 2767 avorum
630 2718 729 2779 antiqua
738 2724 865 2765 sonantem

180 2809 298 2869 Nomina,
310 2823 353 2869 per
364 2822 478 2870 regesque
488 2814 567 2855 actum
579 2821 655 2867 genus
666 2818 739 2853 omne
749 2804 859 2863 Latinos,

181 2896 332 2958 Praecipitem
344 2898 442 2958 scopulo
454 2903 525 2956 atque
535 2893 639 2955 ingentis
653 2891 750 2940 turbine
761 2890 814 2938 saxi
907 2878 912 2885 ’

180 2983 289 3042 Excutit,
300 2982 447 3043 effunditque
459 2984 528 3045 solo;
546 2983 612 3030 hunc
621 2983 675 3030 lora
685 2988 711 3029 et
717 2983 776 3041 juga
785 2981 867 3028 subter

182 3071 326 3119 Provolvere
338 3077 412 3119 rotae:
431 3072 516 3118 crebro
527 3084 599 3131 super
611 3070 701 3129 ungrsla
711 3068 782 3131 pulsu

181 3158 268 3219 incita,
277 3172 320 3208 nec
332 3156 425 3207 domini
437 3171 583 3219 memorum,
592 3157 715 3219 proculcat
723 3170 860 3219 equorum
