2334 3734
215 531 261 578 154
445 532 473 578 P.
490 529 629 579 vleulull
646 526 800 578 MABONIS

215 658 248 708 lit
258 665 395 707 monstrum
406 658 495 707 infelix
506 665 600 707 sacrata
609 656 720 706 sistimus
728 654 793 706 aree.

215 750 286 799 'lunc
294 748 369 797 etism
380 748 435 797 fatis
447 748 526 811 aperit
538 747 677 797 Cassandra
687 747 777 797 luteris

217 838 279 898 Ora,
291 838 330 887 dei
338 839 410 899 jussu
420 852 470 886 non
481 852 598 899 umquam
609 836 702 886 credita
710 829 821 886 Teucris.

216 928 270 975 Nos
280 926 383 975 delubra
393 926 467 975 deum
478 926 574 987 miseri,
582 926 670 989 quibus
682 926 785 975 ultimus
796 934 860 975 esset

216 1016 262 1065 llle
272 1016 335 1077 dies,
348 1017 410 1066 festa
420 1018 530 1065 velamus
542 1016 630 1066 fronde
642 1031 685 1079 per
696 1017 792 1065 urbem.

217 1108 327 1175 Vertitur
339 1108 432 1158 interea
442 1110 544 1170 coelum,
556 1116 581 1157 et
592 1109 643 1158 ruit
652 1121 745 1157 oceano
757 1110 826 1167 Nox,

217 1198 346 1247 Involvens
357 1200 446 1247 umbra
456 1180 545 1259 magna
554 1206 694 1259 terramque
704 1198 849 1259 polumque,

219 1286 451 1350 Myrmidonumque
463 1287 548 1336 dolos:
566 1286 615 1335 fusi
626 1300 670 1349 per
683 1284 776 1333 moenia
786 1282 877 1333 Teucri

167 1422 173 1429 .
220 1375 383 1438 Conticuere3
400 1390 474 1438 sopor
486 1378 564 1424 sessos
576 1375 737 1439 conplectitur
746 1381 822 1422 aruns.
862 1438 865 1441 ἢ

251 1466 285 1514 Et
292 1466 345 1525 jnm
355 1465 447 1526 Argiva
456 1466 564 1528 phalanx
575 1464 700 1514 inruentis
711 1463 813 1513 navibus
823 1462 874 1511 ibat

218 1557 242 1604 A
252 1556 364 1617 Tenedo,
375 1555 454 1604 tacitae
465 1570 509 1618 per
521 1556 599 1604 amica
609 1555 707 1603 silentia
719 1555 794 1624 lunae,

219 1642 304 1693 Litore
314 1651 373 1692 nota
383 1651 483 1705 petens:
500 1643 612 1691 flammas
624 1657 700 1705 quum
711 1641 778 1703 regin
788 1639 877 1703 puppis

218 1732 363 1794 extuleras
381 1731 484 1793 istisque
495 1731 567 1780 deum
579 1731 695 1780 defensus
707 1729 809 1792 iniquis,

220 1821 331 1869 lnclusos
343 1828 414 1869 utero
426 1822 523 1871 Danaos
534 1828 560 1869 et
570 1820 643 1883 pinea
653 1819 740 1869 frutim

222 1910 301 1959 Laxat
309 1910 415 1958 claustra
426 1909 519 1958 Sinon:
537 1909 594 1958 illos
606 1910 739 1973 patefactus
750 1909 782 1958 ad
791 1922 862 1958 auras

223 1998 312 2047 Reddit
322 2012 398 2061 equus
407 2017 415 2057 3
433 1998 530 2061 laetique
541 2013 601 2048 cavo
612 2014 639 2048 se
650 2002 739 2049 robore
747 2007 866 2063 promunt
883 2039 887 2044 .

222 2087 392 2137 'llressandrus
404 2088 581 2151 Sthenelusque
592 2090 676 2150 duces,
687 2098 713 2139 et
721 2090 790 2139 dirus
802 2089 901 2150 Ulixes,
966 2081 970 2087 ’

223 2176 364 2227 Demissum
376 2178 437 2242 lapsi
448 2193 491 2241 per
502 2179 598 2240 funem,
609 2181 772 2242 Acamasque,
782 2180 924 2241 Thoasque,

224 2266 366 2329 Pelidesque
378 2270 565 2331 Neoptolemus,
577 2271 719 2333 primusque
730 2271 864 2332 lllachaon,

223 2356 256 2405 Et
267 2357 405 2418 Menelaus,
417 2354 503 2422 etipse
514 2358 564 2407 doli
577 2353 710 2409 fabricator
720 2362 808 2424 Epeos.

223 2445 343 2497 Invadunt
354 2449 440 2497 urbem
451 2464 538 2498 somno
550 2449 656 2512 vinoque
668 2451 806 2513 seprrltam3

224 2535 357 2585 Caeduntur
368 2538 462 2599 vigiles,
473 2538 598 2601 portisque
608 2539 747 2601 patentibus
759 2539 841 2588 omnis

222 2624 357 2688 Adcipiunt
366 2626 457 2686 socios,
468 2635 539 2688 atque
551 2629 649 2689 agmina
659 2629 757 2679 conscia
764 2632 880 2691 iungunt.

255 2715 363 2777 Tempus
374 2722 437 2775 erat,
448 2730 497 2777 quo
508 2715 588 2778 prima
598 2718 667 2779 quies
678 2718 824 2768 mortalibus
835 2718 906 2780 aegria

224 2802 323 2866 Incipit,
334 2811 359 2852 et
369 2804 435 2853 dono
447 2804 530 2854 divum
539 2807 678 2867 gratissima
688 2809 771 2873 serpit.

225 2894 253 2940 ln
265 2892 369 2955 somnis,
380 2908 446 2955 ecce,
455 2904 511 2945 ante
522 2897 607 2946 oculos
618 2898 788 2948 maestissimus
801 2901 892 2948 llector

224 2981 297 3031 Visus
308 2982 392 3033 adesse
403 2984 476 3046 mihi,
487 2979 618 3049 largosque
626 2988 751 3037 effundere
761 2989 845 3049 detis,

224 3072 341 3134 Raptatus
353 3072 415 3134 bigis
427 3081 454 3122 ut
464 3076 599 3137 quondam,
611 3083 711 3139 aterque
721 3084 825 3126 cruento

224 3160 337 3221 Pulvere,
345 3175 435 3225 perque
445 3162 517 3227 pedes
528 3165 644 3225 trajectu
655 3165 710 3215 loru
719 3165 847 3215 tumentis.
