<?xml version="1.0" encoding="UTF-8"?>
<!DOCTYPE html PUBLIC "-//W3C//DTD XHTML 1.0 Transitional//EN"
    "http://www.w3.org/TR/xhtml1/DTD/xhtml1-transitional.dtd">
<html xmlns="http://www.w3.org/1999/xhtml" xml:lang="en" lang="en">
 <head>
  <title>
</title>
<meta http-equiv="Content-Type" content="text/html;charset=utf-8" />
  <meta name='ocr-system' content='tesseract 3.04.00' />
  <meta name='ocr-capabilities' content='ocr_page ocr_carea ocr_par ocr_line ocrx_word'/>
</head>
<body>
  <div class='ocr_page' id='page_1' title='image "./publiivirgiliim00heyngoog/publiivirgiliim00heyngoog_0060.png"; bbox 0 0 2334 3734; ppageno 0'>
   <div class='ocr_carea' id='block_1_1' title="bbox 206 524 812 576">
    <p class='ocr_par' dir='ltr' id='par_1_1' title="bbox 206 524 812 576">
     <span class='ocr_line' id='line_1_1' title="bbox 206 524 812 576; baseline 0.01 -6"><span class='ocrx_word' id='word_1_1' title='bbox 206 524 238 570; x_wconf 80' lang='grc'>48</span> <span class='ocrx_word' id='word_1_2' title='bbox 433 526 461 574; x_wconf 83' lang='grc' dir='ltr'>Ρ.</span> <span class='ocrx_word' id='word_1_3' title='bbox 477 526 614 574; x_wconf 80' lang='lat' dir='ltr'>VIRGlLlI</span> <span class='ocrx_word' id='word_1_4' title='bbox 631 525 785 576; x_wconf 77' lang='lat' dir='ltr'>MARONIS</span> <span class='ocrx_word' id='word_1_5' title='bbox 809 532 812 537; x_wconf 88' lang='lat'>&#39;</span> 
     </span>
    </p>
   </div>
   <div class='ocr_carea' id='block_1_2' title="bbox 206 655 944 2056">
    <p class='ocr_par' dir='ltr' id='par_1_2' title="bbox 207 655 944 806">
     <span class='ocr_line' id='line_1_2' title="bbox 207 655 944 720; baseline 0.007 -18"><span class='ocrx_word' id='word_1_6' title='bbox 207 655 308 713; x_wconf 72' lang='lat' dir='ltr'>nenses,</span> <span class='ocrx_word' id='word_1_7' title='bbox 319 661 389 702; x_wconf 79' lang='lat' dir='ltr'>erunt</span> <span class='ocrx_word' id='word_1_8' title='bbox 399 668 452 715; x_wconf 85' lang='lat' dir='ltr'>quae</span> <span class='ocrx_word' id='word_1_9' title='bbox 464 669 520 702; x_wconf 81' lang='lat' dir='ltr'>rara</span> <span class='ocrx_word' id='word_1_10' title='bbox 530 655 614 714; x_wconf 88' lang='lat' dir='ltr'>modo,</span> <span class='ocrx_word' id='word_1_11' title='bbox 625 662 660 714; x_wconf 90' lang='lat' dir='ltr'>et,</span> <span class='ocrx_word' id='word_1_12' title='bbox 671 670 726 718; x_wconf 79' lang='lat' dir='ltr'>quae</span> <span class='ocrx_word' id='word_1_13' title='bbox 737 656 822 716; x_wconf 84' lang='lat' dir='ltr'>densa,</span> <span class='ocrx_word' id='word_1_14' title='bbox 834 659 944 720; x_wconf 76' lang='lat' dir='ltr'>relaxat3</span> 
     </span>
     <span class='ocr_line' id='line_1_3' title="bbox 207 743 836 806; baseline 0.011 -16"><span class='ocrx_word' id='word_1_15' title='bbox 207 745 340 791; x_wconf 89' lang='lat' dir='ltr'>Vertuntur</span> <span class='ocrx_word' id='word_1_16' title='bbox 350 743 440 805; x_wconf 85' lang='lat' dir='ltr'>species</span> <span class='ocrx_word' id='word_1_17' title='bbox 451 743 600 803; x_wconf 84' lang='lat' dir='ltr'>animorum,</span> <span class='ocrx_word' id='word_1_18' title='bbox 611 752 636 792; x_wconf 89' lang='lat' dir='ltr'>et</span> <span class='ocrx_word' id='word_1_19' title='bbox 647 753 745 806; x_wconf 84' lang='lat' dir='ltr'>pectora</span> <span class='ocrx_word' id='word_1_20' title='bbox 755 756 836 796; x_wconf 83' lang='lat' dir='ltr'>motus</span> 
     </span>
    </p>

    <p class='ocr_par' dir='ltr' id='par_1_3' title="bbox 208 835 851 988">
     <span class='ocr_line' id='line_1_4' title="bbox 208 835 814 898; baseline 0.003 -15"><span class='ocrx_word' id='word_1_21' title='bbox 208 837 280 884; x_wconf 90' lang='lat' dir='ltr'>Nunc</span> <span class='ocrx_word' id='word_1_22' title='bbox 292 835 363 895; x_wconf 86' lang='lat' dir='ltr'>alios,</span> <span class='ocrx_word' id='word_1_23' title='bbox 375 835 448 894; x_wconf 82' lang='lat' dir='ltr'>ulios,</span> <span class='ocrx_word' id='word_1_24' title='bbox 459 835 518 882; x_wconf 89' lang='lat' dir='ltr'>duro</span> <span class='ocrx_word' id='word_1_25' title='bbox 529 835 614 884; x_wconf 88' lang='lat' dir='ltr'>nubila</span> <span class='ocrx_word' id='word_1_26' title='bbox 623 843 709 884; x_wconf 75' lang='lat' dir='ltr'>ventum</span> <span class='ocrx_word' id='word_1_27' title='bbox 720 838 814 898; x_wconf 83' lang='lat' dir='ltr'>agebat,</span> 
     </span>
     <span class='ocr_line' id='line_1_5' title="bbox 208 925 851 988; baseline 0.002 -14"><span class='ocrx_word' id='word_1_28' title='bbox 208 925 366 988; x_wconf 87' lang='lat' dir='ltr'>Concipiunt:</span> <span class='ocrx_word' id='word_1_29' title='bbox 384 925 441 973; x_wconf 91' lang='lat' dir='ltr'>hinc</span> <span class='ocrx_word' id='word_1_30' title='bbox 452 925 495 974; x_wconf 93' lang='lat' dir='ltr'>ille</span> <span class='ocrx_word' id='word_1_31' title='bbox 506 925 587 973; x_wconf 82' lang='lat' dir='ltr'>urium</span> <span class='ocrx_word' id='word_1_32' title='bbox 598 934 729 975; x_wconf 88' lang='lat' dir='ltr'>conuentus</span> <span class='ocrx_word' id='word_1_33' title='bbox 739 927 765 975; x_wconf 92' lang='lat' dir='ltr'>in</span> <span class='ocrx_word' id='word_1_34' title='bbox 777 927 851 988; x_wconf 79' lang='lat' dir='ltr'>agris,</span> 
     </span>
    </p>

    <p class='ocr_par' dir='ltr' id='par_1_4' title="bbox 208 1017 778 1080">
     <span class='ocr_line' id='line_1_6' title="bbox 208 1017 778 1080; baseline 0.004 -14"><span class='ocrx_word' id='word_1_35' title='bbox 208 1019 241 1066; x_wconf 85' lang='lat' dir='ltr'>Et</span> <span class='ocrx_word' id='word_1_36' title='bbox 252 1018 314 1066; x_wconf 87' lang='lat' dir='ltr'>laetae</span> <span class='ocrx_word' id='word_1_37' title='bbox 325 1017 437 1080; x_wconf 88' lang='lat' dir='ltr'>pecudes,</span> <span class='ocrx_word' id='word_1_38' title='bbox 449 1025 474 1066; x_wconf 89' lang='lat' dir='ltr'>et</span> <span class='ocrx_word' id='word_1_39' title='bbox 485 1027 584 1066; x_wconf 82' lang='lat' dir='ltr'>ovantes</span> <span class='ocrx_word' id='word_1_40' title='bbox 596 1026 693 1080; x_wconf 85' lang='lat' dir='ltr'>gutture</span> <span class='ocrx_word' id='word_1_41' title='bbox 703 1020 778 1068; x_wconf 87' lang='lat' dir='ltr'>corvi.</span> 
     </span>
    </p>

    <p class='ocr_par' dir='ltr' id='par_1_5' title="bbox 206 1101 863 2056">
     <span class='ocr_line' id='line_1_7' title="bbox 240 1101 863 1166; baseline 0.005 -16"><span class='ocrx_word' id='word_1_42' title='bbox 240 1101 266 1150; x_wconf 91' lang='lat' dir='ltr'>Si</span> <span class='ocrx_word' id='word_1_43' title='bbox 278 1115 335 1150; x_wconf 88' lang='lat' dir='ltr'>vero</span> <span class='ocrx_word' id='word_1_44' title='bbox 346 1103 423 1151; x_wconf 89' lang='lat' dir='ltr'>solem</span> <span class='ocrx_word' id='word_1_45' title='bbox 435 1101 464 1150; x_wconf 83' lang='lat' dir='ltr'>ud</span> <span class='ocrx_word' id='word_1_46' title='bbox 476 1103 588 1164; x_wconf 83' lang='lat' dir='ltr'>rapidum</span> <span class='ocrx_word' id='word_1_47' title='bbox 600 1104 728 1166; x_wconf 81' lang='lat' dir='ltr'>lunasque,</span> <span class='ocrx_word' id='word_1_48' title='bbox 741 1103 863 1166; x_wconf 77' lang='lat' dir='ltr'>sequends</span> 
     </span>
     <span class='ocr_line' id='line_1_8' title="bbox 209 1191 832 1254; baseline 0.006 -15"><span class='ocrx_word' id='word_1_49' title='bbox 209 1191 311 1251; x_wconf 82' lang='lat' dir='ltr'>Ordine,</span> <span class='ocrx_word' id='word_1_50' title='bbox 323 1191 447 1254; x_wconf 81' lang='lat' dir='ltr'>respicies:</span> <span class='ocrx_word' id='word_1_51' title='bbox 466 1207 599 1254; x_wconf 81' lang='lat' dir='ltr'><strong>numquam</strong></span> <span class='ocrx_word' id='word_1_52' title='bbox 610 1201 635 1241; x_wconf 84' lang='lat' dir='ltr'>te</span> <span class='ocrx_word' id='word_1_53' title='bbox 645 1194 751 1243; x_wconf 78' lang='lat' dir='ltr'>montino</span> <span class='ocrx_word' id='word_1_54' title='bbox 762 1195 832 1243; x_wconf 82' lang='lat' dir='ltr'>fallet</span> 
     </span>
     <span class='ocr_line' id='line_1_9' title="bbox 210 1281 787 1345; baseline 0.01 -17"><span class='ocrx_word' id='word_1_55' title='bbox 210 1281 288 1341; x_wconf 84' lang='lat' dir='ltr'>Horo,</span> <span class='ocrx_word' id='word_1_56' title='bbox 300 1295 377 1343; x_wconf 88' lang='lat' dir='ltr'>neque</span> <span class='ocrx_word' id='word_1_57' title='bbox 389 1281 483 1329; x_wconf 81' lang='lat' dir='ltr'>insidiis</span> <span class='ocrx_word' id='word_1_58' title='bbox 494 1283 572 1330; x_wconf 83' lang='lat' dir='ltr'>noctis</span> <span class='ocrx_word' id='word_1_59' title='bbox 582 1283 677 1345; x_wconf 79' lang='lat' dir='ltr'>capiere</span> <span class='ocrx_word' id='word_1_60' title='bbox 688 1299 787 1333; x_wconf 74' lang='lat' dir='ltr'>serenus.</span> 
     </span>
     <span class='ocr_line' id='line_1_10' title="bbox 209 1369 848 1434; baseline 0.008 -18"><span class='ocrx_word' id='word_1_61' title='bbox 209 1369 288 1428; x_wconf 81' lang='lat' dir='ltr'>Luna,</span> <span class='ocrx_word' id='word_1_62' title='bbox 299 1376 446 1418; x_wconf 83' lang='lat' dir='ltr'>revertentes</span> <span class='ocrx_word' id='word_1_63' title='bbox 458 1385 533 1432; x_wconf 91' lang='lat' dir='ltr'>quum</span> <span class='ocrx_word' id='word_1_64' title='bbox 543 1371 651 1433; x_wconf 89' lang='lat' dir='ltr'>primum</span> <span class='ocrx_word' id='word_1_65' title='bbox 662 1372 765 1433; x_wconf 86' lang='lat' dir='ltr'>conligit</span> <span class='ocrx_word' id='word_1_66' title='bbox 775 1372 848 1434; x_wconf 86' lang='lat' dir='ltr'>iguis,</span> 
     </span>
     <span class='ocr_line' id='line_1_11' title="bbox 208 1457 805 1522; baseline 0.01 -18"><span class='ocrx_word' id='word_1_67' title='bbox 208 1457 234 1505; x_wconf 89' lang='lat' dir='ltr'>Si</span> <span class='ocrx_word' id='word_1_68' title='bbox 246 1458 342 1519; x_wconf 90' lang='lat' dir='ltr'>nigrum</span> <span class='ocrx_word' id='word_1_69' title='bbox 353 1461 456 1508; x_wconf 87' lang='lat' dir='ltr'>obscuro</span> <span class='ocrx_word' id='word_1_70' title='bbox 467 1460 637 1522; x_wconf 84' lang='lat' dir='ltr'>conprenderit</span> <span class='ocrx_word' id='word_1_71' title='bbox 647 1475 704 1510; x_wconf 84' lang='lat' dir='ltr'>aero</span> <span class='ocrx_word' id='word_1_72' title='bbox 714 1476 805 1510; x_wconf 85' lang='lat' dir='ltr'>cornu:</span> 
     </span>
     <span class='ocr_line' id='line_1_12' title="bbox 208 1548 837 1612; baseline 0.008 -17"><span class='ocrx_word' id='word_1_73' title='bbox 208 1548 339 1596; x_wconf 82' lang='lat' dir='ltr'>Maxumus</span> <span class='ocrx_word' id='word_1_74' title='bbox 351 1549 462 1608; x_wconf 78' lang='lat' dir='ltr'>agricolis</span> <span class='ocrx_word' id='word_1_75' title='bbox 473 1550 606 1610; x_wconf 78' lang='lat' dir='ltr'>pelagoque</span> <span class='ocrx_word' id='word_1_76' title='bbox 616 1550 740 1612; x_wconf 77' lang='lat' dir='ltr'>parabitur</span> <span class='ocrx_word' id='word_1_77' title='bbox 752 1551 837 1600; x_wconf 87' lang='lat' dir='ltr'>imber.</span> 
     </span>
     <span class='ocr_line' id='line_1_13' title="bbox 208 1639 761 1700; baseline 0.004 -13"><span class='ocrx_word' id='word_1_78' title='bbox 208 1640 252 1697; x_wconf 76' lang='lat' dir='ltr'>At,</span> <span class='ocrx_word' id='word_1_79' title='bbox 264 1640 285 1687; x_wconf 92' lang='lat' dir='ltr'>si</span> <span class='ocrx_word' id='word_1_80' title='bbox 296 1639 430 1700; x_wconf 83' lang='lat' dir='ltr'>virgineum</span> <span class='ocrx_word' id='word_1_81' title='bbox 442 1640 568 1688; x_wconf 85' lang='lat' dir='ltr'>suffuderit</span> <span class='ocrx_word' id='word_1_82' title='bbox 578 1653 621 1688; x_wconf 90' lang='lat' dir='ltr'>ore</span> <span class='ocrx_word' id='word_1_83' title='bbox 632 1642 761 1689; x_wconf 84' lang='lat' dir='ltr'>ruborem:</span> 
     </span>
     <span class='ocr_line' id='line_1_14' title="bbox 206 1728 847 1790; baseline 0.006 -16"><span class='ocrx_word' id='word_1_84' title='bbox 206 1728 299 1775; x_wconf 87' lang='lat' dir='ltr'>Ventus</span> <span class='ocrx_word' id='word_1_85' title='bbox 310 1728 374 1789; x_wconf 82' lang='lat' dir='ltr'>erit3</span> <span class='ocrx_word' id='word_1_86' title='bbox 391 1735 463 1776; x_wconf 84' lang='lat' dir='ltr'>vento</span> <span class='ocrx_word' id='word_1_87' title='bbox 474 1741 568 1790; x_wconf 89' lang='lat' dir='ltr'>semper</span> <span class='ocrx_word' id='word_1_88' title='bbox 579 1729 650 1776; x_wconf 90' lang='lat' dir='ltr'>rubet</span> <span class='ocrx_word' id='word_1_89' title='bbox 662 1743 735 1778; x_wconf 71' lang='lat' dir='ltr'>auum</span> <span class='ocrx_word' id='word_1_90' title='bbox 747 1730 847 1778; x_wconf 77' lang='lat' dir='ltr'>Phoebe.</span> 
     </span>
     <span class='ocr_line' id='line_1_15' title="bbox 207 1815 838 1878; baseline 0.005 -15"><span class='ocrx_word' id='word_1_91' title='bbox 207 1815 250 1863; x_wconf 90' lang='lat' dir='ltr'>Sin</span> <span class='ocrx_word' id='word_1_92' title='bbox 262 1823 319 1865; x_wconf 90' lang='lat' dir='ltr'>ortu</span> <span class='ocrx_word' id='word_1_93' title='bbox 328 1823 425 1878; x_wconf 80' lang='lat' dir='ltr'>quarto,</span> <span class='ocrx_word' id='word_1_94' title='bbox 437 1829 541 1878; x_wconf 88' lang='lat' dir='ltr'>namque</span> <span class='ocrx_word' id='word_1_95' title='bbox 552 1816 572 1863; x_wconf 90' lang='lat' dir='ltr'>is</span> <span class='ocrx_word' id='word_1_96' title='bbox 584 1816 732 1866; x_wconf 86' lang='lat' dir='ltr'>certissimus</span> <span class='ocrx_word' id='word_1_97' title='bbox 743 1825 838 1878; x_wconf 80' lang='lat' dir='ltr'>auctor,</span> 
     </span>
     <span class='ocr_line' id='line_1_16' title="bbox 208 1904 829 1968; baseline 0.002 -15"><span class='ocrx_word' id='word_1_98' title='bbox 208 1906 282 1964; x_wconf 83' lang='lat' dir='ltr'>Pura,</span> <span class='ocrx_word' id='word_1_99' title='bbox 295 1919 371 1966; x_wconf 91' lang='lat' dir='ltr'>neque</span> <span class='ocrx_word' id='word_1_100' title='bbox 382 1904 475 1954; x_wconf 86' lang='lat' dir='ltr'>obtusis</span> <span class='ocrx_word' id='word_1_101' title='bbox 487 1919 529 1968; x_wconf 92' lang='lat' dir='ltr'>per</span> <span class='ocrx_word' id='word_1_102' title='bbox 540 1906 630 1953; x_wconf 86' lang='lat' dir='ltr'>ooelum</span> <span class='ocrx_word' id='word_1_103' title='bbox 642 1905 758 1955; x_wconf 86' lang='lat' dir='ltr'>cornibus</span> <span class='ocrx_word' id='word_1_104' title='bbox 769 1905 829 1955; x_wconf 82' lang='lat' dir='ltr'>ibit:</span> 
     </span>
     <span class='ocr_line' id='line_1_17' title="bbox 207 1993 782 2056; baseline 0.003 -14"><span class='ocrx_word' id='word_1_105' title='bbox 207 1995 284 2042; x_wconf 77' lang='lat' dir='ltr'>&#39;Pctus</span> <span class='ocrx_word' id='word_1_106' title='bbox 295 2001 320 2042; x_wconf 90' lang='lat' dir='ltr'>et</span> <span class='ocrx_word' id='word_1_107' title='bbox 331 1995 373 2042; x_wconf 88' lang='lat' dir='ltr'>ille</span> <span class='ocrx_word' id='word_1_108' title='bbox 384 1994 445 2054; x_wconf 86' lang='lat' dir='ltr'>dies,</span> <span class='ocrx_word' id='word_1_109' title='bbox 456 2002 490 2055; x_wconf 85' lang='lat' dir='ltr'>et,</span> <span class='ocrx_word' id='word_1_110' title='bbox 502 1993 544 2056; x_wconf 91' lang='lat' dir='ltr'>qui</span> <span class='ocrx_word' id='word_1_111' title='bbox 555 2001 684 2042; x_wconf 81' lang='lat' dir='ltr'>nascentur</span> <span class='ocrx_word' id='word_1_112' title='bbox 695 1995 726 2043; x_wconf 84' lang='lat' dir='ltr'>ab</span> <span class='ocrx_word' id='word_1_113' title='bbox 737 1995 782 2044; x_wconf 87' lang='lat' dir='ltr'>illo</span> 
     </span>
    </p>
   </div>
   <div class='ocr_carea' id='block_1_3' title="bbox 120 2085 871 2147">
    <p class='ocr_par' dir='ltr' id='par_1_6' title="bbox 120 2085 871 2147">
     <span class='ocr_line' id='line_1_18' title="bbox 120 2085 871 2147; baseline -0.001 -13"><span class='ocrx_word' id='word_1_114' title='bbox 120 2128 122 2134; x_wconf 86' lang='lat'><em>.</em></span> <span class='ocrx_word' id='word_1_115' title='bbox 207 2086 327 2134; x_wconf 81' lang='lat' dir='ltr'>Exactum</span> <span class='ocrx_word' id='word_1_116' title='bbox 339 2085 370 2133; x_wconf 88' lang='lat' dir='ltr'>ad</span> <span class='ocrx_word' id='word_1_117' title='bbox 381 2099 499 2145; x_wconf 87' lang='lat' dir='ltr'>mensem,</span> <span class='ocrx_word' id='word_1_118' title='bbox 510 2085 593 2147; x_wconf 82' lang='lat' dir='ltr'>pluvio</span> <span class='ocrx_word' id='word_1_119' title='bbox 602 2085 728 2146; x_wconf 82' lang='lat' dir='ltr'>ventisque</span> <span class='ocrx_word' id='word_1_120' title='bbox 738 2086 871 2147; x_wconf 78' lang='lat' dir='ltr'>carebunt3</span> 
     </span>
    </p>
   </div>
   <div class='ocr_carea' id='block_1_4' title="bbox 206 2160 954 2767">
    <p class='ocr_par' dir='ltr' id='par_1_7' title="bbox 206 2160 954 2767">
     <span class='ocr_line' id='line_1_19' title="bbox 207 2160 736 2236; baseline 0.004 -15"><span class='ocrx_word' id='word_1_121' title='bbox 207 2176 318 2236; x_wconf 81' lang='lat' dir='ltr'>Votoque</span> <span class='ocrx_word' id='word_1_122' title='bbox 330 2175 418 2224; x_wconf 75' lang='lat' dir='ltr'>serrati</span> <span class='ocrx_word' id='word_1_123' title='bbox 430 2160 559 2224; x_wconf 65' lang='lat' dir='ltr'>subventio</span> <span class='ocrx_word' id='word_1_124' title='bbox 572 2175 645 2223; x_wconf 91' lang='lat' dir='ltr'>litore</span> <span class='ocrx_word' id='word_1_125' title='bbox 656 2181 736 2223; x_wconf 61' lang='lat' dir='ltr'>nuum</span> 
     </span>
     <span class='ocr_line' id='line_1_20' title="bbox 209 2263 727 2327; baseline -0.002 -14"><span class='ocrx_word' id='word_1_126' title='bbox 209 2265 300 2313; x_wconf 79' lang='lat' dir='ltr'>Glauco</span> <span class='ocrx_word' id='word_1_127' title='bbox 313 2271 337 2312; x_wconf 88' lang='lat' dir='ltr'>et</span> <span class='ocrx_word' id='word_1_128' title='bbox 349 2265 466 2327; x_wconf 82' lang='lat' dir='ltr'>Panopeae</span> <span class='ocrx_word' id='word_1_129' title='bbox 477 2272 502 2312; x_wconf 90' lang='lat' dir='ltr'>et</span> <span class='ocrx_word' id='word_1_130' title='bbox 513 2265 574 2312; x_wconf 86' lang='lat' dir='ltr'>Inoo</span> <span class='ocrx_word' id='word_1_131' title='bbox 586 2263 727 2312; x_wconf 68' lang='lat' dir='ltr'>Melicerte.</span> 
     </span>
     <span class='ocr_line' id='line_1_21' title="bbox 241 2351 954 2415; baseline 0.003 -15"><span class='ocrx_word' id='word_1_132' title='bbox 241 2354 283 2401; x_wconf 91' lang='lat' dir='ltr'>Sol</span> <span class='ocrx_word' id='word_1_133' title='bbox 295 2367 390 2415; x_wconf 85' lang='lat' dir='ltr'>quoque</span> <span class='ocrx_word' id='word_1_134' title='bbox 401 2351 559 2411; x_wconf 70' lang='lat' dir='ltr'>coerroneos,</span> <span class='ocrx_word' id='word_1_135' title='bbox 570 2360 596 2400; x_wconf 92' lang='lat' dir='ltr'>et</span> <span class='ocrx_word' id='word_1_136' title='bbox 606 2367 682 2414; x_wconf 89' lang='lat' dir='ltr'>quum</span> <span class='ocrx_word' id='word_1_137' title='bbox 693 2351 819 2415; x_wconf 77' lang='lat' dir='ltr'>recondet</span> <span class='ocrx_word' id='word_1_138' title='bbox 829 2352 854 2401; x_wconf 88' lang='lat' dir='ltr'>in</span> <span class='ocrx_word' id='word_1_139' title='bbox 867 2353 954 2414; x_wconf 84' lang='lat' dir='ltr'>nudus,</span> 
     </span>
     <span class='ocr_line' id='line_1_22' title="bbox 208 2440 847 2503; baseline 0 -13"><span class='ocrx_word' id='word_1_140' title='bbox 208 2441 282 2502; x_wconf 86' lang='lat' dir='ltr'>Signa</span> <span class='ocrx_word' id='word_1_141' title='bbox 291 2441 373 2503; x_wconf 82' lang='lat' dir='ltr'>dnbit3</span> <span class='ocrx_word' id='word_1_142' title='bbox 391 2441 468 2489; x_wconf 89' lang='lat' dir='ltr'>solem</span> <span class='ocrx_word' id='word_1_143' title='bbox 479 2440 615 2490; x_wconf 83' lang='lat' dir='ltr'>certissima</span> <span class='ocrx_word' id='word_1_144' title='bbox 624 2441 693 2502; x_wconf 85' lang='lat' dir='ltr'>sigon</span> <span class='ocrx_word' id='word_1_145' title='bbox 703 2448 847 2503; x_wconf 71' lang='lat' dir='ltr'>sequuntur,</span> 
     </span>
     <span class='ocr_line' id='line_1_23' title="bbox 206 2529 838 2591; baseline 0.003 -14"><span class='ocrx_word' id='word_1_146' title='bbox 206 2530 238 2577; x_wconf 87' lang='lat' dir='ltr'>Et</span> <span class='ocrx_word' id='word_1_147' title='bbox 249 2545 302 2591; x_wconf 81' lang='lat' dir='ltr'>quae</span> <span class='ocrx_word' id='word_1_148' title='bbox 315 2543 385 2578; x_wconf 84' lang='lat' dir='ltr'>mnne</span> <span class='ocrx_word' id='word_1_149' title='bbox 397 2530 481 2589; x_wconf 84' lang='lat' dir='ltr'>refert,</span> <span class='ocrx_word' id='word_1_150' title='bbox 494 2536 519 2577; x_wconf 92' lang='lat' dir='ltr'>et</span> <span class='ocrx_word' id='word_1_151' title='bbox 527 2543 582 2590; x_wconf 86' lang='lat' dir='ltr'>quae</span> <span class='ocrx_word' id='word_1_152' title='bbox 594 2529 748 2590; x_wconf 77' lang='lat' dir='ltr'>surgentibus</span> <span class='ocrx_word' id='word_1_153' title='bbox 759 2529 838 2579; x_wconf 84' lang='lat' dir='ltr'>nstris.</span> 
     </span>
     <span class='ocr_line' id='line_1_24' title="bbox 207 2616 811 2679; baseline 0.003 -15"><span class='ocrx_word' id='word_1_154' title='bbox 207 2618 252 2666; x_wconf 90' lang='lat' dir='ltr'>llle</span> <span class='ocrx_word' id='word_1_155' title='bbox 264 2617 305 2666; x_wconf 88' lang='lat' dir='ltr'>ubi</span> <span class='ocrx_word' id='word_1_156' title='bbox 316 2625 454 2666; x_wconf 82' lang='lat' dir='ltr'>noscentem</span> <span class='ocrx_word' id='word_1_157' title='bbox 467 2617 567 2664; x_wconf 87' lang='lat' dir='ltr'>muuulis</span> <span class='ocrx_word' id='word_1_158' title='bbox 579 2616 707 2665; x_wconf 82' lang='lat' dir='ltr'>variaverit</span> <span class='ocrx_word' id='word_1_159' title='bbox 717 2625 811 2679; x_wconf 75' lang='lat' dir='ltr'>urbm,</span> 
     </span>
     <span class='ocr_line' id='line_1_25' title="bbox 208 2704 825 2767; baseline -0.002 -13"><span class='ocrx_word' id='word_1_160' title='bbox 208 2704 325 2754; x_wconf 86' lang='lat' dir='ltr'>Conditus</span> <span class='ocrx_word' id='word_1_161' title='bbox 337 2705 363 2753; x_wconf 91' lang='lat' dir='ltr'>in</span> <span class='ocrx_word' id='word_1_162' title='bbox 375 2707 474 2765; x_wconf 90' lang='lat' dir='ltr'>nubem,</span> <span class='ocrx_word' id='word_1_163' title='bbox 487 2705 615 2766; x_wconf 85' lang='lat' dir='ltr'>medioque</span> <span class='ocrx_word' id='word_1_164' title='bbox 626 2704 742 2767; x_wconf 76' lang='lat' dir='ltr'>refugerit</span> <span class='ocrx_word' id='word_1_165' title='bbox 752 2707 825 2755; x_wconf 88' lang='lat' dir='ltr'>orbe:</span> 
     </span>
    </p>
   </div>
   <div class='ocr_carea' id='block_1_5' title="bbox 101 2793 871 2856">
    <p class='ocr_par' dir='ltr' id='par_1_8' title="bbox 101 2793 871 2856">
     <span class='ocr_line' id='line_1_26' title="bbox 101 2793 871 2856; baseline -0.003 -10"><span class='ocrx_word' id='word_1_166' title='bbox 101 2841 104 2846; x_wconf 30' lang='lat' dir='ltr'>r</span> <span class='ocrx_word' id='word_1_167' title='bbox 207 2793 316 2856; x_wconf 86' lang='lat' dir='ltr'>Suspeuti</span> <span class='ocrx_word' id='word_1_168' title='bbox 327 2793 371 2841; x_wconf 91' lang='lat' dir='ltr'>tibi</span> <span class='ocrx_word' id='word_1_169' title='bbox 383 2793 432 2842; x_wconf 86' lang='lat' dir='ltr'>sint</span> <span class='ocrx_word' id='word_1_170' title='bbox 442 2793 531 2840; x_wconf 86' lang='lat' dir='ltr'>imbres</span> <span class='ocrx_word' id='word_1_171' title='bbox 542 2813 550 2856; x_wconf 82' lang='lat'>3</span> <span class='ocrx_word' id='word_1_172' title='bbox 568 2807 676 2855; x_wconf 27' lang='lat' dir='ltr'>namque·</span> <span class='ocrx_word' id='word_1_173' title='bbox 682 2802 768 2856; x_wconf 82' lang='lat' dir='ltr'>urguet</span> <span class='ocrx_word' id='word_1_174' title='bbox 779 2796 810 2843; x_wconf 86' lang='lat' dir='ltr'>ab</span> <span class='ocrx_word' id='word_1_175' title='bbox 820 2795 871 2844; x_wconf 83' lang='lat' dir='ltr'>ulto</span> 
     </span>
    </p>
   </div>
   <div class='ocr_carea' id='block_1_6' title="bbox 200 2883 849 3214">
    <p class='ocr_par' dir='ltr' id='par_1_9' title="bbox 200 2883 849 3214">
     <span class='ocr_line' id='line_1_27' title="bbox 204 2883 849 2947; baseline 0 -15"><span class='ocrx_word' id='word_1_176' title='bbox 204 2883 386 2946; x_wconf 85' lang='lat' dir='ltr'>Arboribusque</span> <span class='ocrx_word' id='word_1_177' title='bbox 397 2883 501 2945; x_wconf 76' lang='lat' dir='ltr'>sedeque</span> <span class='ocrx_word' id='word_1_178' title='bbox 513 2886 593 2933; x_wconf 88' lang='lat' dir='ltr'>Notus</span> <span class='ocrx_word' id='word_1_179' title='bbox 603 2884 732 2947; x_wconf 88' lang='lat' dir='ltr'>pecorique</span> <span class='ocrx_word' id='word_1_180' title='bbox 743 2884 849 2934; x_wconf 87' lang='lat' dir='ltr'>sinister.</span> 
     </span>
     <span class='ocr_line' id='line_1_28' title="bbox 205 2971 775 3025; baseline -0.002 -5"><span class='ocrx_word' id='word_1_181' title='bbox 205 2974 255 3021; x_wconf 82' lang='lat' dir='ltr'>Aut</span> <span class='ocrx_word' id='word_1_182' title='bbox 266 2972 309 3021; x_wconf 90' lang='lat' dir='ltr'>ubi</span> <span class='ocrx_word' id='word_1_183' title='bbox 319 2973 365 3021; x_wconf 87' lang='lat' dir='ltr'>sub</span> <span class='ocrx_word' id='word_1_184' title='bbox 376 2973 455 3021; x_wconf 88' lang='lat' dir='ltr'>lucem</span> <span class='ocrx_word' id='word_1_185' title='bbox 468 2971 542 3025; x_wconf 84' lang='lat' dir='ltr'>denso</span> <span class='ocrx_word' id='word_1_186' title='bbox 551 2972 616 3020; x_wconf 87' lang='lat' dir='ltr'>inter</span> <span class='ocrx_word' id='word_1_187' title='bbox 627 2971 712 3020; x_wconf 83' lang='lat' dir='ltr'>nubila</span> <span class='ocrx_word' id='word_1_188' title='bbox 721 2986 775 3020; x_wconf 88' lang='lat' dir='ltr'>sese</span> 
     </span>
     <span class='ocr_line' id='line_1_29' title="bbox 204 3060 806 3126; baseline 0 -15"><span class='ocrx_word' id='word_1_189' title='bbox 204 3063 299 3111; x_wconf 84' lang='lat' dir='ltr'>Diversi</span> <span class='ocrx_word' id='word_1_190' title='bbox 309 3071 423 3126; x_wconf 89' lang='lat' dir='ltr'>rumpent</span> <span class='ocrx_word' id='word_1_191' title='bbox 434 3062 505 3122; x_wconf 81' lang='lat' dir='ltr'>radii,</span> <span class='ocrx_word' id='word_1_192' title='bbox 518 3070 559 3111; x_wconf 83' lang='lat' dir='ltr'>aut</span> <span class='ocrx_word' id='word_1_193' title='bbox 569 3062 610 3109; x_wconf 89' lang='lat' dir='ltr'>ubi</span> <span class='ocrx_word' id='word_1_194' title='bbox 622 3060 714 3124; x_wconf 70' lang='lat' dir='ltr'>pudlidu</span> <span class='ocrx_word' id='word_1_195' title='bbox 723 3071 806 3124; x_wconf 83' lang='lat' dir='ltr'>surget</span> 
     </span>
     <span class='ocr_line' id='line_1_30' title="bbox 200 3151 766 3214; baseline -0.005 -12"><span class='ocrx_word' id='word_1_196' title='bbox 200 3153 305 3203; x_wconf 78' lang='lat' dir='ltr'>&#39;lithoni</span> <span class='ocrx_word' id='word_1_197' title='bbox 315 3167 426 3202; x_wconf 85' lang='lat' dir='ltr'>croceum</span> <span class='ocrx_word' id='word_1_198' title='bbox 438 3151 550 3214; x_wconf 87' lang='lat' dir='ltr'>linquens</span> <span class='ocrx_word' id='word_1_199' title='bbox 561 3153 659 3202; x_wconf 81' lang='lat' dir='ltr'>Aurora</span> <span class='ocrx_word' id='word_1_200' title='bbox 669 3151 748 3203; x_wconf 80' lang='lat' dir='ltr'>cubile</span> <span class='ocrx_word' id='word_1_201' title='bbox 757 3171 766 3213; x_wconf 66' lang='grc' dir='ltr'>ς</span> 
     </span>
    </p>
   </div>
   <div class='ocr_carea' id='block_1_7' title="bbox 0 0 1172 3734">
    <p class='ocr_par' dir='ltr' id='par_1_10' title="bbox 0 0 1172 3734">
     <span class='ocr_line' id='line_1_31' title="bbox 0 0 1172 3734; baseline 0 0"><span class='ocrx_word' id='word_1_202' title='bbox 0 0 1172 3734; x_wconf 95' lang='lat' dir='ltr'> </span> 
     </span>
    </p>
   </div>
  </div>
 </body>
</html>
