2334 3734
436 555 595 606 musicos
612 558 675 632 ura
692 559 722 607 v.
927 561 975 612 sss

176 686 277 734 Postera
286 699 361 747 quum
372 683 453 746 primo
464 686 547 735 stelles
559 686 661 737 Oriente
672 688 768 750 fugerat

175 777 248 826 Clara
258 775 327 838 dies3
344 776 424 825 socios
434 775 460 824 in
471 785 562 826 eoemm
573 777 646 828 litore
657 780 687 828 ab
699 779 767 829 omni

175 865 283 915 Advocat
292 867 394 926 AEnees,
405 867 542 929 trimullique
552 881 584 916 ex
596 881 681 930 aggere
693 870 773 919 faune

204 956 350 1006 Dardanidae
361 957 454 1018 magni,
464 971 541 1018 genus
552 959 603 1007 alto
615 971 630 1007 a
640 959 757 1020 sauguine
768 961 860 1024 divom,

171 1047 276 1097 Annuus
288 1047 379 1096 exactis
390 1048 518 1111 conpletur
529 1048 654 1098 mensibus
665 1049 742 1111 orbis,

172 1139 210 1186 Ex
222 1151 271 1201 quo
281 1137 396 1200 reliquias
406 1137 530 1201 divinique
540 1152 597 1188 ossa
610 1140 718 1202 parentia

172 1228 333 1279 Condidimus
344 1236 419 1288 terra,
430 1236 577 1291 maesmsque
589 1229 735 1279 sacravimus
748 1243 812 1280 aras.

88 1317 91 1320 ’
171 1321 277 1383 Jamque
288 1319 350 1381 dies,
362 1320 388 1368 ni
399 1321 483 1380 fallor,
494 1319 654 1382 adest,'quem
665 1333 762 1383 semper
773 1323 897 1384 acerbum,

172 1410 272 1474 Semper
282 1410 430 1459 honoratum
445 1409 492 1473 (sic
503 1409 527 1456 di
539 1407 676 1471 voluistis),
686 1411 789 1460 habebo.

176 1491 247 1547 Hunc
258 1512 313 1560 ego,
325 1498 427 1548 oeulis
438 1508 535 1559 agerem
545 1497 568 1547 si
578 1498 689 1560 Syrtibus
701 1501 782 1560 exsul,

172 1587 317 1650 Argolicove
327 1588 389 1637 mari
400 1587 543 1651 deprensus,
554 1596 580 1636 et
590 1588 651 1636 urbe
662 1589 772 1651 Mycenae
781 1609 789 1652 3

60 1741 65 1748 1
169 1680 260 1727 Anum
268 1685 325 1727 vota
334 1686 418 1727 tamen
429 1679 604 1741 sollemnisque
615 1678 700 1727 ordine
712 1693 812 1742 pompas

171 1769 335 1830 Exsequerer,
346 1779 514 1830 strueremque
525 1768 576 1818 suis
588 1769 675 1817 altaria
684 1767 764 1832 donis.

173 1859 246 1906 Nunc
255 1858 323 1907 ultro
333 1857 365 1906 ad
375 1857 468 1908 cinero
479 1858 556 1921 ipsius
565 1865 591 1908 et
603 1872 659 1907 ossa
667 1858 787 1921 parentis,

171 1946 242 1995 Haud
252 1947 366 2008 equidem
377 1947 430 1996 sine
441 1955 533 2007 mente,
544 1962 612 2008 reor,
624 1947 676 1996 sine
687 1947 789 1997 numine
799 1947 890 2010 divom,-

172 2034 306 2097 Adsumus,
318 2043 344 2084 et
352 2043 439 2099 portas
449 2036 523 2086 delati
533 2037 654 2097 intramus
665 2038 766 2088 amicos.

175 2125 240 2186 Ergo
251 2124 323 2187 agite,
335 2132 360 2174 et
370 2126 456 2174 letum
465 2126 547 2174 cruncti
557 2127 707 2177 celebremus
718 2129 839 2178 honorem
848 2148 856 2190 3

174 2215 305 2262 Poscamus
315 2221 417 2277 ventos3
434 2222 507 2276 atque
515 2215 567 2264 hac
578 2229 618 2262 me
629 2229 699 2264 sacra
709 2223 770 2278 quot
784 2216 855 2266 annis

174 2303 242 2352 Urbe
252 2303 311 2352 velit
321 2303 400 2367 posita
409 2303 507 2368 templis
514 2303 562 2352 sibi
572 2303 637 2352 ferne
648 2303 741 2354 dicatis.
796 2334 803 2342 -

174 2395 321 2444 binaboum
332 2396 400 2444 vobio
410 2397 488 2457 'lroja
497 2403 626 2457 generatus
637 2397 737 2444 Acestes

75 2545 80 2555 .
172 2483 222 2534 liat
232 2499 335 2534 numero
345 2485 425 2548 capita
434 2486 461 2533 in
472 2485 556 2534 navis:
574 2484 687 2534 adhibete
700 2484 806 2544 Penatis,

171 2575 204 2622 lit
213 2573 305 2638 patrios
315 2573 405 2637 epulis,
414 2582 442 2623 et
452 2589 513 2636 quos
521 2574 582 2623 colit
593 2574 681 2636 hospes
691 2573 798 2621 Acestes.

139 2701 143 2707 .
173 2665 303 2724 Praeterea,
314 2663 335 2712 si
347 2677 413 2712 nona
422 2663 487 2713 diem
499 2663 643 2723 mortalibus
654 2664 747 2712 dmum
766 2727 771 2736 x

172 2755 271 2814 Aurora
281 2755 407 2819 eutulerit,
418 2755 540 2817 radiisque
550 2753 667 2803 retexerit
677 2755 773 2814 orbem,

173 2845 256 2893 Prima
265 2845 322 2894 citae
331 2847 433 2896 Teucris
445 2859 534 2910 porram
545 2843 679 2894 certamina
689 2843 790 2906 classis3
829 2881 835 2886 .

173 2934 270 2997 Quique
279 2935 368 2998 pedum
378 2949 451 2985 cursu
461 2935 534 2996 valet,
545 2942 571 2983 et
580 2933 722 2996 quiritibus
733 2932 813 2982 audax

172 3026 224 3073 Aut
231 3025 316 3086 jaculo
327 3024 418 3073 incedit
426 3024 515 3072 melior
525 3022 666 3084 levibusque
676 3021 781 3084 sagittis,

173 3116 223 3164 Seu
234 3116 311 3165 crudo
322 3115 376 3164 fidit
386 3128 493 3178 pugnam
503 3113 648 3164 conmittere
658 3117 741 3163 cestrie

129 3245 134 3249 .
174 3205 264 3255 Cuncti
274 3205 365 3267 adsint,
377 3204 518 3267 meritisque
527 3211 670 3279 enspectent
679 3203 781 3268 praemia
791 3203 885 3266 palme.
