2334 3734
213 539 261 586 00
432 537 459 585 n.
475 536 613 586 nnornn
630 521 783 587 nnnonrs
839 582 843 587 .

149 636 152 641 Ι
208 665 287 715 Ardet
296 665 322 714 in
334 678 402 714 arma
413 665 499 725 magis,
510 665 641 727 paucisque
651 665 747 714 adfatm
757 667 885 715 Amatam:

135 776 139 785 ·
209 758 258 816 Ne,
270 769 362 816 quaeso,
373 768 404 802 ne
416 768 455 801 me
464 754 584 813 lacrimis,
597 766 657 802 neve
669 755 752 802 omine
760 761 830 802 tanto

209 846 358 905 Prosequere
369 843 395 891 in
407 842 461 890 duri
472 843 607 891 certamina
617 843 704 894 Martis
714 851 824 901 euntem,
919 832 924 839 ’

210 933 232 981 0
244 939 338 993 mater3
356 931 509 992 nequeenim
521 934 608 980 Turno
619 947 690 981 mora
700 932 778 979 libera
787 930 898 979 nortis.-

209 1019 317 1067 Nuntius
329 1020 380 1066 haec
393 1019 479 1067 Idmon
492 1020 596 1081 Phrygio
608 1034 663 1068 mea
673 1020 737 1068 dicta
747 1029 852 1082 tyranno

211 1106 283 1156 Haud
291 1108 409 1170 placitura
421 1108 485 1155 refer
493 1124 506 1156 ι’
517 1109 579 1156 Cum
591 1108 698 1169 primum
709 1108 815 1156 crastina
825 1108 889 1155 coelo

211 1198 323 1247 Puniceis
334 1198 427 1246 invecta
438 1197 498 1245 rotie
509 1199 608 1244 Aurora
618 1197 738 1246 rubescit:

211 1289 268 1335 Non
278 1289 387 1335 Teucros
398 1294 453 1347 agat
462 1286 488 1333 in
500 1287 612 1333 Rutulos.
645 1285 767 1334 Teucrum
780 1299 849 1334 mma
858 1284 996 1347 quitatum,

209 1377 242 1423 Et
252 1376 378 1423 Rutulum.
412 1377 504 1422 Nostro
515 1374 658 1422 dirimamur
670 1373 787 1435 sanguine
796 1374 898 1423 bellum.

211 1463 258 1510 1110
271 1470 392 1523 queratur
402 1464 511 1523 conjunx
523 1461 624 1509 Lavinia
634 1474 728 1523 campo.

243 1550 302 1598 iloec
312 1550 354 1598 ubi
365 1549 429 1597 dicta
439 1550 514 1609 dedit,
527 1550 672 1612 rapidusque
682 1549 708 1596 in
720 1557 784 1597 tecta
797 1549 909 1598 merit:

210 1637 292 1686 Poscit
301 1652 387 1699 equos,
399 1637 533 1698 gaudetque
544 1646 615 1685 tuenn
626 1645 682 1685 anoe
692 1650 737 1684 ora
747 1637 883 1696 frementis,

211 1728 325 1776 Pilumno
338 1741 398 1787 quoa
410 1728 463 1789 ipsa
474 1727 546 1775 decus
558 1727 625 1774 dedit
637 1726 749 1787 Orithyia
760 1747 768 1787 ;

211 1814 259 1869 Qui
270 1815 375 1864 candore
386 1815 452 1862 nives
464 1815 595 1875 anteirent,
606 1814 717 1862 cursibus
728 1828 809 1863 aurat.

211 1902 376 1951 Circumstant
385 1903 483 1965 properi
493 1902 594 1961 aurigae,
606 1902 766 1963 manibusque
776 1904 898 1951 lactarunt

212 1993 313 2039 Pectora
324 1992 408 2052 plausa
419 1990 493 2049 cavis,
506 1998 531 2038 et
541 1991 606 2038 colla
617 1991 740 2040 comantia
749 2000 856 2054 pectunt

212 2081 265 2141 lpse
276 2078 363 2127 dehine
374 2092 434 2127 auro
446 2066 597 2140 squalentem
608 2081 712 2140 0110000
722 2079 846 2129 orichalco

213 2166 354 2217 circumdet
364 2168 464 2215 loricam
476 2167 601 2229 humeris3
618 2168 693 2218 simul
703 2176 769 2230 aptat
784 2167 897 2215 habendo

212 2256 349 2317 Enae'mque
360 2246 514 2317 clipeumque
523 2263 547 2303 et
558 2256 639 2303 rubra
649 2268 742 2303 cornua
751 2255 849 2317 criatae3

212 2347 314 2405 Flntem,
326 2359 398 2406 quem
410 2347 497 2393 Dauno
509 2344 645 2405 ignipotena
657 2344 716 2393 dena
726 2344 778 2405 ipse
788 2341 882 2406 parenti

212 2434 321 2494 Fecerat,
332 2442 357 2482 et
368 2433 450 2495 Stygia
460 2433 603 2481 candentem
613 2432 722 2480 tinxerat
730 2431 803 2479 unda.

210 2520 286 2581 Exin,
298 2536 350 2583 quae
361 2521 447 2569 mediis
459 2522 549 2582 ingenti
560 2520 650 2569 adnixa
659 2521 780 2569 columnae

210 2609 313 2657 AEdibus
325 2608 444 2668 adstabat,
455 2609 558 2657 validam
570 2610 594 2657 vi
605 2609 713 2670 conripit
724 2609 828 2667 hastam,

211 2695 309 2745 Actoris
323 2696 568 2772 Aurunci'npolinm3
586 2705 730 2758 quassatque
740 2703 895 2755 trementem,

211 2784 365 2833 Vociferana:
386 2787 468 2845 Nunc,
480 2800 495 2834 0
507 2800 632 2847 nunquam
643 2786 761 2834 truncata
770 2791 868 2833 vocatur

212 2873 287 2921 Hasta
297 2888 376 2933 menn,
388 2887 454 2922 nunc
465 2881 559 2936 tempus
571 2874 656 2935 adeet5
674 2881 698 2922 te
709 2873 830 2922 maximus
840 2874 927 2932 Actor,

210 2961 246 3006 'Pe
256 2961 336 3009 'l'urni
345 2975 410 3009 nunc
421 2961 507 3010 dextra
518 2962 588 3022 gerit.
621 2963 659 3010 Da
669 2969 778 3009 sternere
789 2974 887 3024 corpur,

210 3047 369 3111 loricamque
380 3064 453 3098 manu
465 3051 544 3099 valida
554 3052 660 3099 lacerare
671 3052 791 3099 revolaam

212 3136 323 3186 Semiviri
335 3140 446 3202 Phrygia,
456 3148 481 3207 et
492 3140 582 3189 soedme
593 3139 619 3187 in
630 3140 729 3202 pulvere
738 3139 814 3188 crinin
