2334 3734
191 560 240 609 ‘m
415 559 443 607 P.
459 556 599 607 VlllGlLll
616 555 770 608 MARONIS

190 693 328 752 Degeneres
339 687 435 738 animos
446 688 521 738 timor
530 687 619 750 arguit.
653 687 719 748 Heu,
730 685 818 750 quibus
830 686 872 736 ille

190 783 301 832 saeuus
313 779 383 829 fetis!
402 794 456 842 quse
467 779 532 828 bella
543 779 663 828 exhausta
673 779 792 828 canebat!

192 872 293 923 simini
304 886 355 921 non
366 871 450 920 animo
460 871 539 920 fixum
550 871 721 933 inmotumque
732 871 837 932 sederet,

193 968 232 1015 Ne
242 962 282 1013 eui
294 977 334 1012 me
344 962 424 1030 vinclo
434 962 524 1011 vellem
534 961 628 1011 sociare
635 961 723 1024 begali,

194 1057 326 1117 Postquam
336 1053 431 1117 primns
443 1067 513 1102 arnor
524 1053 649 1115 dereptum
661 1059 742 1101 morte
752 1050 854 1101 fefellit:

194 1145 221 1196 Si
233 1159 283 1194 non
294 1152 425 1208 pertaesum
435 1143 538 1192 thalami
549 1143 666 1204 taedaeque
676 1142 763 1192 fuisset
773 1162 779 1191 r

195 1236 259 1286 Huic
269 1234 313 1284 uni
324 1235 408 1284 forsan
420 1232 489 1297 potui
500 1230 660 1282 succumbere
669 1231 755 1296 culpus.

194 1327 285 1388 Anna3
302 1326 397 1374 fatebor
408 1323 492 1387 enim;
510 1322 592 1373 miseri
604 1323 722 1387 postlata
733 1321 826 1386 Syehaei

197 1416 325 1478 Gunugu,
336 1422 362 1465 et
372 1429 469 1479 sparsos
480 1415 590 1464 fruterna
600 1413 665 1464 crede
677 1413 785 1484 Penatis,

196 1508 271 1557 Solus
280 1507 321 1555 bic
332 1505 429 1555 inflexit
440 1519 536 1565 sensus,
548 1504 706 1568 animumque
717 1505 840 1553 labantem

197 1595 297 1662 Inpulit.
330 1595 461 1658 Adgnosco
473 1594 560 1646 veteris
571 1593 673 1657 vestigia
683 1595 797 1644 flammae.

196 1686 245 1737 Sed
256 1685 318 1735 mibi
327 1686 366 1735 rel
377 1686 451 1734 tellus
463 1692 545 1749 optem
555 1685 624 1748 prius
635 1685 686 1734 ima
695 1683 820 1746 dehiscat,

198 1778 244 1826 Vel
256 1777 329 1826 Pater
340 1776 496 1839 omnipotens
507 1775 588 1837 adigat
599 1789 638 1825 me
647 1775 751 1834 fulmine
763 1776 794 1825 ad
804 1776 914 1836 umbras,

198 1867 317 1918 Pallentis
327 1868 427 1917 umbras
439 1866 523 1928 Erebi,
535 1875 681 1929 noctemque
691 1868 849 1930 profundam,

138 1937 140 1942 ¹
198 1959 274 2018 Ante,
287 1957 380 2017 Ριιάοτ,
391 1971 465 2019 quum
476 1964 502 2006 te
512 1956 588 2016 violo,
601 1965 644 2006 sut
654 1964 698 2006 tun
705 1959 763 2019 jura
774 1958 878 2008 resolvo.
936 1979 943 1986 ,

199 2046 245 2095 llle
257 2059 337 2106 meos,
348 2046 442 2109 primus
454 2045 496 2108 qui
506 2062 546 2096 me
555 2045 602 2096 sibi
610 2046 705 2108 junxit,
717 2037 812 2098 anterus

197 2136 322 2200 Abstnllt3
339 2137 382 2187 ille
393 2137 482 2186 habent
491 2151 574 2187 secum
587 2145 714 2201 servetque
725 2139 845 2202 sepulcro.

198 2226 239 2278 Sic
249 2228 322 2278 effeta
331 2227 413 2278 sinum
423 2227 532 2278 lacrimis
543 2227 646 2292 inplevit
657 2228 759 2278 obortis.

113 2337 126 2356 ·
231 2319 306 2366 Anna
315 2319 401 2378 refert,
414 2318 437 2368 Ο
449 2319 504 2368 luee
515 2318 593 2381 magis
604 2318 702 2381 dilecta,
713 2318 804 2380 sorori,

199 2409 291 2458 Solane
300 2417 415 2473 perpemn
425 2424 529 2460 rnaerens
536 2424 637 2473 carpere
645 2411 764 2471 inventu?

200 2500 252 2548 Nec
263 2499 341 2550 duleis
351 2510 433 2561 ustos,
446 2501 549 2551 Veneris
560 2515 606 2550 nec
617 2500 718 2566 praemin
728 2500 816 2551 noris?

200 2589 229 2637 ld
239 2589 347 2638 cinerem
358 2598 401 2639 aut
411 2590 494 2639 Manis
504 2591 584 2640 eredis
594 2606 682 2641 curare
692 2593 800 2655 sepultos
810 2595 820 2641 ἓ

199 2678 274 2726 Esto:
292 2693 382 2739 ugrum
394 2678 456 2726 nulli
467 2679 590 2740 quondam
603 2681 694 2730 flexere
705 2680 804 2744 mariti3

199 2767 258 2816 Non
269 2766 361 2830 Libyn,
370 2781 420 2816 non
432 2776 489 2817 ante
498 2770 584 2832 'l'yr03
602 2769 728 2832 despectus
740 2770 833 2832 larbus,

100 2917 104 2925 Ι
200 2858 367 2920 Ductoresque
378 2857 431 2917 alii,
443 2872 504 2920 quos
515 2858 602 2908 Africa
612 2867 679 2909 terra
688 2858 819 2924 triumphis

199 2946 273 2997 Dives
284 2948 344 2997 alit:
361 2949 484 3012 placitone
494 2949 568 2998 etism
580 2950 698 3012 pugnabis
711 2951 808 3001 amori?

199 3038 252 3086 Nec
263 3037 365 3086 venitin
376 3046 495 3100 mentem,
506 3053 612 3100 quorum
623 3039 762 3090 wnsederis
772 3039 853 3089 urvis?

200 3125 265 3177 lllnc
277 3127 379 3178 Gsetulae
391 3129 474 3189 urbes,
487 3143 563 3191 genus
574 3128 740 3193 insuperabile
749 3131 825 3191 bello,

199 3216 232 3264 Er
243 3215 358 3268 Numine
369 3216 461 3270 infreni
471 3214 584 3283 ungunt,
595 3227 620 3269 et
630 3219 753 3285 inhospita
764 3219 861 3285 Syrus,
