2334 3734
196 544 246 594 206
418 544 446 593 P.
462 541 601 593 villelmi
618 538 772 591 MARONIS

228 674 355 726 Oceanum
366 673 459 724 interea
470 686 572 735 surgens
583 673 682 722 Aurora
691 669 817 734 relinquit.
860 689 862 694 ·

195 765 219 814 lt
229 764 307 828 portis
316 747 407 827 jubare
413 771 501 813 exorto
511 763 606 812 delecta
614 763 737 823 juventus.

168 857 170 861 '
196 854 267 904 Retia
276 869 342 916 rora,
352 855 440 918 plagae,
452 855 502 904 lato
514 854 634 903 venabula
645 853 722 912 ierro,

196 944 345 1010 Massylique
353 952 430 993 ruunt
440 944 543 1006 equites,
551 951 577 992 et
588 943 666 992 odora
676 955 765 991 canum
776 940 821 990 vis.

195 1035 312 1098 Reginam
322 1037 432 1085 thalem
444 1044 598 1085 cunctantem
610 1035 640 1084 ad
652 1035 739 1084 limina
750 1031 824 1098 primi

196 1128 331 1175 Poenorum
342 1134 500 1189 exspectaut3
517 1133 633 1187 ostroque
644 1123 747 1186 insignis
759 1130 784 1173 et
795 1137 855 1172 auro

196 1217 250 1266 Stat
261 1215 369 1278 sonipes,
380 1229 409 1264 ac
417 1215 488 1264 frena
498 1215 570 1264 ferox
581 1213 719 1278 spumantia
732 1211 833 1262 mandit.

141 1326 145 1331 ·
195 1306 307 1356 Tandem
318 1306 482 1371 progreditur,
494 1318 582 1367 magna
590 1304 695 1367 stipante
706 1311 812 1363 caterva,

196 1395 323 1446 Sidoniam
329 1394 399 1460 picto
406 1394 558 1458 chlamydem
567 1392 717 1442 circumdata
726 1391 813 1441 limbo.

196 1485 242 1534 Cui
252 1485 367 1549 pharetra
377 1498 409 1533 ex
420 1497 491 1544 auro,
502 1483 582 1533 crines
594 1482 717 1532 nodantur
728 1481 754 1530 in
766 1495 865 1542 aurum,

97 1591 100 1597 ’
197 1576 278 1624 Aurea
288 1588 436 1637 purpuream
448 1573 569 1623 subnectit
579 1573 656 1622 fibula
665 1579 767 1622 vestem.
857 1599 864 1604 ·

198 1666 251 1716 Nec
261 1677 312 1712 uon
323 1674 348 1713 et
360 1662 457 1727 Phrygii
468 1663 581 1722 comites,
593 1669 619 1711 et
629 1662 700 1710 laetus
713 1663 792 1723 iulus,

197 1751 324 1802 incedunt.
358 1753 412 1815 lpse
423 1757 479 1800 ante
491 1751 553 1799 alios
562 1750 725 1812 pulcerrimus
736 1749 817 1800 omnis
908 1789 914 1796 .

200 1840 279 1890 Infert
290 1855 316 1889 se
327 1840 420 1889 socium
432 1840 533 1898 AEneas,
544 1849 617 1899 atque
629 1837 727 1898 agmina
735 1838 829 1900 jungite

201 1930 298 1992 Qualis,
308 1930 350 1979 ubi
362 1929 490 1978 hibernam
502 1927 600 1991 Lyciam
612 1928 753 1990 Xanthique
763 1929 856 1978 duenta

201 2020 309 2079 Deserit,
320 2032 347 2068 ac
359 2019 447 2068 Delum
459 2026 595 2068 maternam
604 2017 688 2066 inrisit
698 2019 800 2081 Apollo,

201 2112 370 2171 Instauratque
380 2108 479 2168 choros,
488 2106 607 2170 mixtique
619 2107 706 2156 altaria
715 2107 807 2157 circum

202 2199 334 2261 cteesque
344 2199 501 2262 Dryopesque
511 2197 622 2248 fremunt
632 2198 738 2261 pictique
748 2197 879 2262 Agathyrsi
889 2215 898 2260 ς

201 2290 255 2352 lpse
264 2289 331 2350 jugis
339 2287 430 2351 Cynthi
440 2287 560 2349 graditur,
570 2287 687 2350 mollique
699 2287 816 2338 fluentem

201 2377 298 2428 Fronde
308 2376 398 2442 premit
408 2375 502 2426 crinem
513 2377 618 2439 lingens,
630 2384 703 2440 atque
712 2377 812 2441 inplicat
823 2391 900 2442 aur03

199 2470 262 2520 Tela
273 2477 362 2518 sonunt
372 2469 490 2517 humeris.
524 2468 597 2517 Haud
608 2468 653 2516 illo
665 2467 762 2529 segnior
774 2467 825 2520 ibat

200 2559 309 2621 AEneas3
325 2566 422 2608 tantum
433 2557 529 2619 egregio
541 2557 615 2606 decus
627 2556 703 2606 enitet
714 2572 765 2607 ore.

200 2650 333 2710 Postquam
343 2648 406 2696 altos
418 2655 518 2695 ventum
530 2646 554 2694 in
568 2646 669 2706 montis,
682 2653 754 2708 atque
765 2646 930 2711 inviolatae,

200 2738 263 2786 Ecce
274 2736 342 2797 ferae,
354 2735 408 2784 saxi
418 2735 517 2796 dejectae
530 2734 629 2794 vertice,
639 2748 718 2796 caprae

90 2887 96 2898 Ι
201 2825 427 2887 DecurrereJugis3
444 2824 494 2873 alia
502 2823 532 2872 de
544 2832 612 2886 parte
623 2822 727 2885 patentis

200 2913 382 2964 ‘lhunsmittunt
391 2928 465 2963 cursu
476 2926 576 2975 campos
589 2920 661 2973 atque
672 2909 769 2972 agmina
778 2913 843 2964 cetri

201 3001 374 3051 Pulverulcuta
384 3003 442 3064 iuga
452 3002 598 3065 glomerant,
611 3000 906 3066 montisquerelinquunt.

200 3094 235 3142 At
245 3106 305 3155 puer
316 3092 434 3141 Ascanius
446 3091 533 3141 mediis
544 3090 570 3140 in
580 3089 686 3142 vallibus
698 3091 749 3144 acri

201 3181 298 3232 Gaudet
305 3196 384 3245 equo;
398 3182 499 3244 jamque
509 3181 556 3232 hos
566 3196 651 3244 cursu,
661 3183 714 3243 jam
725 3181 834 3248 preterit
844 3181 912 3247 illos,
