2334 3734
198 525 246 572 31⁴
418 524 446 570 P.
463 522 601 584 vinoun
617 521 770 571 MARONIS

199 653 257 699 Non
270 650 327 710 fuit,
339 659 440 714 exoepto
451 629 579 699 Laurentis
589 664 691 712 corpore
701 648 789 697 Turni.

199 729 302 799 Lausus,
313 754 402 801 equum
413 740 530 799 domitor,
541 739 722 798 debellatorque
732 738 850 796 ferarum,

200 828 273 877 Ducit
282 829 396 890 Agyllina
407 827 568 889 nequidquam
580 840 612 875 ex
623 827 684 873 urbe
694 832 788 874 secutos

200 915 272 963 Mille
282 914 363 976 viros,
380 915 478 981 dignus,
490 914 575 977 patriis
586 913 626 975 qni
638 913 717 963 laetior
728 921 792 961 esset

201 1000 323 1063 imperiis,
334 1008 360 1050 et
369 1001 408 1049 cui
419 1008 488 1062 pater
499 1000 564 1049 baud
575 1000 713 1049 Mezentius
725 1007 796 1049 esset.

232 1090 291 1137 Post
301 1089 346 1138 hos
357 1088 478 1150 insignem
490 1090 571 1151 palma
579 1103 623 1151 per
634 1088 745 1149 gramina
754 1102 864 1148 currum,
875 1137 882 1145 ,

199 1176 357 1239 Victoresque
366 1185 474 1227 mantnt
482 1192 568 1239 equos,
579 1168 646 1227 sanis
659 1179 764 1227 Hercule
775 1179 861 1240 pulcro

200 1268 287 1315 Pulcer
297 1268 451 1331 Aventinus,
468 1269 594 1330 clipeoque
605 1268 699 1329 insigne
708 1276 836 1330 paternum

200 1354 304 1402 Centum
316 1368 407 1415 angues
417 1356 570 1418 cinctamque
579 1357 643 1417 gerit
648 1344 806 1419 'serpentibus
818 1356 925 1420 Hydram
935 1375 944 1418 ς

186 1436 278 1491 'Collis
288 1444 403 1495 Απηῑὶιιί
414 1445 476 1495 silva
485 1460 559 1507 quem
571 1447 640 1495 Rhea
651 1446 763 1495 sacerdos

199 1531 466 1595 Furtivumpartnsub
478 1535 578 1583 luminis
588 1535 665 1584 edidit
676 1548 742 1594 oras,
888 1592 896 1605 ·

199 1620 281 1670 Mixta
291 1622 338 1671 deo
349 1622 448 1684 mulier,
459 1633 587 1687 postquam
600 1625 732 1674 Laurentia
742 1624 830 1684 victor,

198 1709 311 1772 Geryone
322 1710 452 1771 munem,
464 1712 602 1761 'lirinthius
613 1712 698 1773 adtigit
709 1726 776 1773 arva,

198 1797 373 1859 inruensque
384 1800 457 1847 noves
469 1800 495 1847 in
507 1783 609 1849 numine
620 1801 680 1849 ravis
691 1802 781 1850 rueras.

199 1883 253 1933 Pila
264 1899 338 1933 manu
349 1899 474 1948 saevosque
482 1897 570 1948 gerunt
581 1889 607 1936 in
619 1890 684 1937 bella
695 1889 813 1950 dolones,

198 1974 231 2021 Et
240 1973 312 2021 tereti
323 1978 432 2035 puguant
443 1989 560 2023 mucrone
570 1990 678 2038 veruque
689 1978 797 2025 Sabello.

199 2061 254 2123 lpse
265 2061 348 2123 pedes,
360 2069 473 2122 wgtrmeu
484 2070 602 2125 torquens
613 2064 713 2113 inmane
724 2065 812 2124 leonis,

198 2148 314 2197 Terribili
326 2151 442 2213 inpexam
454 2160 526 2212 saeta,
534 2168 591 2200 cum
602 2153 716 2202 dentibus
728 2151 790 2203 albis

164 2272 169 2278 .
199 2235 302 2286 indutus
311 2238 394 2300 capiti,
406 2240 440 2288 sic
451 2240 517 2301 regia
523 2249 588 2290 tecta
597 2241 693 2290 subibat

200 2326 333 2388 Horridus,
345 2330 514 2392 Herculeoque
524 2332 642 2380 humeros
655 2332 759 2380 innexus
770 2331 867 2381 amictas.

218 2415 295 2462 ''lirm
306 2415 397 2477 gemini
409 2417 497 2467 inanes
509 2419 622 2467 Tiburtia
633 2420 724 2469 moenia
734 2420 859 2481 linquunt,
871 2444 873 2449 ·

197 2506 289 2555 Fratris
297 2507 395 2556 'tiburti
405 2509 494 2557 dictam
506 2510 651 2569 cognomine
661 2518 768 2571 gentem,
816 2552 819 2560 .

199 2595 351 2657 Catillusque
362 2610 464 2657 acerque
476 2599 806 2662 Coras,‚ArgivaJ‘uventus;

199 2683 232 2730 Et
241 2682 345 2744 primam
357 2692 412 2732 ante
422 2685 499 2733 aciem
508 2685 584 2734 densa
595 2688 658 2735 inter
670 2690 720 2736 tela
731 2679 843 2737 teruntur
854 2708 860 2737 ι

200 2772 262 2832 Ceu,
273 2772 322 2820 duo
333 2773 459 2834 nubigena
465 2781 544 2837 'quum
556 2778 646 2825 vertice
658 2776 748 2825 montis
761 2777 791 2825 ab
802 2778 853 2827 alto

199 2861 356 2910 Descendunt
367 2862 493 2923 Centauri,
507 2863 630 2913 Homolen
643 2865 797 2927 Othrquue
809 2865 918 2915 nivalem

200 2948 347 3011 linquentes
358 2965 431 2999 cursu
444 2952 545 3015 rapido,
562 2953 604 2999 dat
614 2952 728 3001 euntibus
739 2952 830 3014 ingens

200 3034 267 3085 Silva
277 3038 371 3098 iorum,
382 3048 407 3089 et
418 3055 506 3101 magno
517 3040 607 3089 cedam
617 3040 723 3101 virgulta
734 3043 838 3105 frngore.

232 3127 284 3173 Nec
293 3128 448 3177 Praenestina
459 3128 573 3178 fundator
584 3128 664 3178 defuit
673 3130 752 3192 urbis,
