2334 3734
217 533 263 582 128
442 532 471 581 P.
486 530 625 580 vulturnu
641 530 796 581 MARONIS

250 664 309 711 Haec
320 660 367 710 sit:
384 667 410 709 et
421 659 488 708 Meis
498 659 607 722 genitum
617 657 725 708 demittit
735 659 766 708 ab
778 659 828 707 nito
838 677 847 721 3

219 752 256 802 Ut
266 757 349 810 terrae,
361 756 436 811 utque
447 762 515 798 novae
526 756 626 811 pateant
638 747 792 809 Carthaginis
805 762 872 798 arcos

220 839 333 903 Hospitio
344 839 460 888 Teucris:
479 851 511 886 ne
522 838 566 886 foti
578 837 661 886 nescis
672 836 736 887 Dido

219 929 319 978 Finibus
330 935 430 980 arceret.
464 928 539 976 Volat
551 927 593 976 ille
605 941 649 990 per
660 939 718 974 aera
728 939 844 987 magnum

218 1017 329 1080 Remigio
340 1019 451 1080 alarum3
469 1032 497 1066 ac
509 1018 590 1080 Libyae
601 1017 664 1065 citus
677 1016 771 1066 adstitit
781 1016 840 1066 oris.

218 1109 251 1157 bt
258 1110 310 1170 jem
318 1109 387 1168 J'nsss
398 1108 473 1169 fscit3
490 1114 634 1170 ponuntque
644 1107 737 1156 ferocis
748 1107 818 1156 Poeni

219 1197 310 1258 Corda,
322 1198 419 1246 volente
430 1197 485 1246 deo.
519 1197 546 1244 In
560 1195 646 1258 primis
657 1195 741 1256 regina
750 1194 859 1257 quietum
961 1197 966 1206 '

217 1285 315 1349 Adoipit
326 1285 351 1334 in
362 1287 472 1334 Teucros
483 1285 593 1334 animum
605 1292 761 1345 mentemque
773 1282 925 1345 benignam.-

249 1375 284 1423 At
294 1374 349 1437 pius
356 1374 458 1434 AErssns,
470 1387 513 1437 per
523 1381 622 1422 noctem
631 1372 738 1435 plurima
748 1373 859 1432 volvens,

218 1465 255 1514 Ut
265 1462 374 1527 primum
384 1460 428 1512 lux
440 1464 506 1511 alma
516 1462 573 1511 datu
582 1470 630 1522 est,
641 1461 720 1521 exire,
732 1461 848 1522 locosque

217 1553 353 1617 Explorate
363 1567 456 1616 novos3
474 1567 533 1614 quas
544 1559 618 1600 vento
629 1550 833 1612 adcesseritorss,

218 1643 267 1698 Qui
278 1651 388 1704 teneant,
401 1657 459 1692 nam
470 1643 563 1692 inculta
573 1641 650 1701 ridet,
662 1641 806 1689 hominesne
816 1640 917 1700 fortene,

219 1735 334 1787 Qurerere
345 1731 481 1791 constituit,
494 1731 614 1792 sociisque
625 1737 711 1778 exscts
720 1730 820 1778 referre.

222 1823 332 1871 Classem
344 1822 369 1870 in
381 1835 490 1870 convexo
501 1834 642 1879 nemorum,
655 1821 700 1868 sub
708 1832 768 1882 rupe
779 1826 873 1880 munte,

221 1911 356 1960 Arboribus
367 1912 474 1960 clausam
484 1908 576 1958 circum
588 1916 660 1970 atque
670 1908 827 1958 horrentibus
834 1908 928 1957 umbrie

220 2001 333 2062 Occnlit;
351 2002 405 2063 lpse
415 2015 465 2050 uno
477 1993 591 2060 graditur
596 1999 726 2049 comitatus
735 1999 846 2060 Acbate3

217 2089 282 2139 bins
292 2103 367 2140 menn
377 2091 428 2140 loto
439 2088 548 2152 crispans
559 2088 659 2138 hastilis
668 2089 749 2145 forro.x

220 2177 266 2226 Cui
278 2185 357 2226 mater
368 2177 448 2226 medin
458 2191 511 2226 sese
522 2177 580 2226 tulit
592 2176 663 2226 obvia
673 2176 745 2237 silva,

219 2264 327 2327 Virginis
338 2281 367 2314 os
377 2265 535 2328 habitumque
546 2279 644 2328 gerens,
655 2275 681 2316 et
691 2265 792 2328 virginis
802 2279 871 2316 arma

217 2356 343 2418 sputans
354 2375 362 2417 3
379 2357 418 2406 vel
429 2355 508 2418 qualis
518 2369 595 2418 equos
605 2355 723 2405 'l'brcisss
732 2355 817 2416 nugat

217 2445 363 2508 Harpalyce,
373 2445 545 2506 volucremque
557 2445 615 2506 tuga
624 2444 777 2507 pravorum
788 2445 891 2494 Eurum.

216 2534 328 2594 Namque
339 2533 449 2584 humeris
460 2533 491 2584 de
502 2549 571 2584 more
582 2533 689 2584 habilem
700 2532 858 2596 suspenderat
867 2546 950 2582 escum

215 2623 344 2684 Venstrix,
356 2624 501 2687 dederatque
511 2638 609 2676 comam
619 2624 755 2674 diffundere
765 2623 845 2673 renus
855 2644 864 2686 3

214 2713 287 2762 Nudo
297 2727 371 2775 genu,
386 2713 498 2776 nodoque
509 2715 578 2764 sinus
589 2716 700 2764 conlecta
711 2714 818 2764 fluentis.

213 2804 250 2852 Ac
261 2803 339 2866 prior,
352 2805 430 2864 Heus,
442 2804 530 2865 inquit,
540 2806 652 2865 juvenes,
664 2811 800 2854 monstrate
812 2819 921 2856 messim

214 2889 315 2939 Vidistis
326 2890 348 2939 si
358 2905 430 2954 quam
442 2892 482 2942 hic
492 2901 615 2942 errantem
627 2893 691 2940 forte
702 2905 827 2954 sororum,

213 2979 369 3030 subcinctum
380 2983 494 3044 pharetra
504 2990 530 3031 et
541 2983 671 3032 maculoso
682 2982 788 3044 tegmine
798 2982 887 3046 lyncis,
991 2961 994 2968 Ι

212 3069 264 3117 Ant
275 3069 410 3132 spumantis
422 3071 475 3133 apri
485 3085 584 3120 cursum
595 3072 703 3122 clamore
713 3080 874 3136 prementem.

245 3157 286 3206 Sic
297 3159 398 3221 venun
415 3167 442 3208 et
451 3159 553 3210 Veneris
561 3162 692 3212 contrusio
702 3161 769 3212 iilius
779 3175 866 3214 orsus:
