2334 3734
242 520 273 571 82
410 563 413 570 .
470 520 498 568 P.
514 518 653 570 vitulini
669 517 824 568 MARONiS

243 647 363 710 Tempore
376 661 425 696 nun
436 647 485 696 allo
497 649 635 697 catulorum
645 646 722 697 oblite
732 649 810 698 leuna

243 735 334 786 sterion
344 737 434 788 erravit
443 737 549 800 campis3
567 752 612 788 nec
622 737 709 786 lunera
718 738 791 799 volgo

242 826 305 874 'l'nm
317 827 395 875 multe
402 825 520 876 informes
531 826 583 876 ursi
595 833 747 888 stragemque
757 825 845 876 dedere

245 913 291 961 Per
302 911 392 976 silvus3
409 921 462 963 tum
473 928 549 964 sevus
561 929 630 978 uper,
641 921 694 964 urm
705 914 812 977 pessime
821 913 899 976 tigris,

246 1002 310 1062 Heu,
322 1003 386 1051 male
398 1010 450 1053 turn
463 1003 543 1067 Libye
556 1004 615 1053 solis
627 1011 723 1053 erretrrr
733 1003 760 1052 in
772 1001 845 1064 egris.

246 1091 335 1140 Nonne
346 1091 422 1152 vides,
434 1099 462 1140 ut
472 1099 524 1142 tote
534 1100 626 1142 tremor
637 1099 757 1156 pertentet
766 1105 886 1154 equorum

243 1179 365 1243 Corpora,
378 1180 399 1230 si
410 1188 506 1232 tentum
518 1189 589 1230 notes
601 1180 663 1230 odor
673 1179 762 1230 adtulit
772 1195 843 1230 eures
854 1184 864 1229 i

244 1269 281 1317 Ac
292 1282 369 1332 neque
380 1285 422 1321 eos
429 1272 481 1332 lem
494 1272 564 1321 frene
573 1270 664 1331 virum,
676 1284 756 1334 neque
767 1272 868 1321 verbere
876 1285 949 1332 soeve,

246 1358 303 1406 Non
315 1359 408 1422 scopuli
420 1373 539 1422 rupesque
549 1373 623 1419 carre,
635 1356 707 1422 'atque
718 1360 813 1420 objecta
823 1359 947 1410 retardent

245 1446 368 1508 Flumina,
380 1456 508 1512 conreptos
519 1449 584 1499 undu
595 1449 734 1511 torquentia
744 1448 844 1499 muntis.

246 1537 300 1600 lpse
313 1537 363 1586 ruit
373 1538 499 1602 dentisque
511 1538 645 1588 Sabellicus
656 1537 753 1587 exacuit
763 1552 817 1598 suu,

246 1626 279 1676 Et
289 1626 349 1689 pede
361 1627 496 1691 prosubigit
506 1634 609 1688 terram,
620 1627 692 1676 fricat
701 1629 788 1676 arbore
799 1635 878 1678 costes

246 1716 327 1778 Atque
338 1716 395 1766 hinc
406 1717 565 1780 etqueilline,
577 1718 741 1780 humerosque
751 1717 783 1766 ed
793 1719 895 1768 volnere
905 1717 984 1770 duret

247 1801 312 1856 Quid
321 1802 427 1864 juvenis,
440 1817 554 1865 magnum
566 1801 606 1852 cui
617 1810 698 1853 verset
709 1803 735 1853 in
747 1801 843 1852 ossibus
854 1802 935 1866 ignem

246 1891 328 1940 Durus
339 1893 426 1940 emor?
447 1893 542 1954 Nempe
553 1891 662 1955 abruptis
674 1893 771 1942 turbate
781 1893 896 1955 proeellis

247 1981 324 2028 Nocte
336 1987 403 2030 notet
414 1993 476 2030 cuca
487 1995 555 2030 serus
567 1981 645 2043 iretn3
663 1994 735 2043 quem
748 1996 821 2044 super·
834 1982 919 2044 ingens

247 2071 321 2118 Portu
331 2076 400 2119 tonet
410 2068 476 2130 coell,
488 2077 513 2120 et
525 2069 631 2132 scopulis
643 2069 716 2119 inlisa
726 2071 861 2122 reclament

246 2157 372 2222 AEquora3
389 2173 433 2208 nec
446 2158 529 2210 miseri
541 2166 644 2222 possunt
655 2173 768 2209 revocure
779 2167 901 2223 perenm,

247 2250 298 2297 Nec
310 2248 430 2298 moriture
440 2263 513 2313 super
524 2248 617 2299 crudeli
629 2250 713 2299 sunere
723 2249 799 2311 virgo.

247 2338 312 2393 Quid
322 2340 403 2402 lynces
415 2338 504 2388 ssaoehl
515 2339 598 2398 ruriae,
610 2346 634 2389 et
645 2353 721 2400 genus
731 2354 788 2390 ecre
799 2340 914 2404 luporum

246 2431 326 2492 Atque
337 2430 443 2478 cenrrm?
464 2428 532 2492 quid,
544 2442 598 2491 quae
610 2428 712 2478 inbelles
723 2428 782 2478 dent
792 2428 881 2492 proelia
891 2428 973 2476 servi?

279 2515 377 2566 Scilicet
387 2524 443 2566 ante
455 2515 535 2566 omnis
549 2516 618 2565 furor
628 2524 665 2565 est
676 2515 778 2579 insignis
789 2531 924 2578 equarum3

246 2607 278 2654 Et
289 2612 395 2660 ruentem
406 2606 488 2658 Venus
500 2605 552 2667 ipsa
562 2604 639 2666 dedit,
650 2619 699 2668 quo
711 2612 820 2668 tempore
833 2605 919 2654 Glauci

247 2693 376 2744 Potniades
389 2693 460 2744 mulis
472 2695 582 2745 membre
592 2695 731 2743 absumsere
741 2692 870 2756 quadrigar.

246 2784 305 2833 illes
316 2782 383 2832 ducit
392 2796 462 2832 umor
476 2789 543 2831 trans
556 2783 674 2844 Gargara,
685 2790 801 2845 transque
812 2788 941 2832 tonantem

246 2870 378 2922 Ascanium
388 2890 397 2934 3
415 2879 529 2935 superent
540 2872 642 2933 montis,
653 2879 678 2922 et
689 2871 792 2921 flumine
801 2880 908 2922 monent.

247 2960 428 3022 Continuoque,
440 2960 515 3008 avidis
528 2959 570 3009 ubl
583 2959 679 3009 subdite
689 2960 788 3010 flemma
799 2960 923 3022 medullis,

245 3051 309 3100 Vere
319 3049 406 3110 magis,
418 3047 474 3112 quie
486 3063 541 3098 vere
552 3049 619 3096 celor
630 3048 693 3097 redit
703 3049 809 3111 ossibus,
824 3050 874 3099 illae

248 3140 299 3190 Ore
310 3152 395 3190 omnes
406 3151 481 3188 verse
493 3137 518 3186 in
531 3137 667 3200 Zephyrum
678 3145 744 3186 stent
754 3137 855 3201 rupibus
866 3137 933 3200 altis,
