2334 3734
121 489 124 498 '
225 515 256 562 20
395 510 629 564 ‚1²..vmo1u11
646 508 800 558 unrocus

227 641 273 690 His
284 639 328 689 tibi
340 638 430 703 Grynei
441 637 548 687 nemoris
557 637 652 686 dicatm
661 636 743 698 origo:

227 732 266 780 Ne
276 729 330 792 quls
341 729 373 778 sit
384 730 463 790 lucus,
476 743 524 790 quo
535 743 562 777 se
571 729 627 790 plus
634 729 710 788 jactet
721 727 819 789 Apollo.

227 818 293 876 Quid
304 820 399 880 loquar,
413 825 440 868 ut
449 819 555 880 Scyllam
567 816 633 877 Nisi,
645 829 719 878 quam
728 815 794 864 fam
803 820 886 864 secuta
895 822 942 874 est,

228 907 337 958 Candida
348 906 494 955 succinctam
505 904 650 953 latrantibus
660 904 760 965 inguina
771 902 887 952 monstris

227 995 353 1046 Dulichias
363 1008 462 1043 vexasse
474 1002 548 1054 retes,
560 1000 585 1041 et
596 993 689 1054 gurgite
699 993 725 1040 in
736 993 787 1040 ulto
848 1032 852 1044 .

227 1086 281 1134 Ah!
299 1083 398 1134 timidos
408 1092 493 1133 nautas
504 1083 603 1132 canibus
615 1084 734 1131 lacerasse
745 1081 863 1130 marinis?

227 1177 287 1235 Aut,
299 1181 326 1223 ut
338 1182 443 1223 mutatos
453 1174 526 1222 Terei
537 1174 672 1222 narraverit
681 1179 763 1233 artum

228 1266 294 1320 Qua·
306 1263 344 1312 illi
354 1264 491 1313 Philomela
500 1263 583 1326 dapes,
595 1277 648 1324 quae
659 1261 724 1310 done
733 1259 835 1323 pararit,

228 1354 283 1408 Quo
294 1367 368 1401 cursu
378 1352 473 1401 deserta
482 1352 604 1416 petiverit,
616 1359 641 1400 et
651 1349 738 1412 quibus
746 1356 803 1397 ante

228 1442 318 1492 Infelix
330 1456 374 1491 sua
384 1449 447 1490 tecta
457 1439 665 1504 supervolitaverit
675 1438 739 1488 alis?

262 1531 363 1592 Omnia,
375 1545 438 1593 quae,
451 1531 544 1579 Phoebo
556 1529 677 1592 quondam
688 1527 831 1586 meditante,
841 1526 926 1574 heum

229 1621 315 1672 Audiit
324 1622 438 1680 Eurotas,
447 1620 566 1682 jussitque
576 1618 684 1667 ediscere
693 1618 786 1676 lauros,

230 1713 275 1762 llle
286 1710 366 1773 cenit;
384 1711 459 1773 pulrae
471 1709 579 1757 referunt
586 1708 617 1756 ad
627 1707 707 1755 sidera
716 1707 806 1754 valles:

231 1802 323 1862 Cogere
334 1800 411 1854 donec
421 1812 477 1847 oves
489 1797 600 1858 stabulis,
611 1808 787 1856 numerumque
798 1794 889 1843 referre

230 1889 318 1952 lussit,
330 1897 355 1939 et
364 1889 440 1937 invito
451 1887 569 1952 processit
578 1888 671 1948 Vesper
681 1884 796 1949 Olympo.

527 2187 663 2238 ECLOGA
679 2189 734 2236 Vll.

561 2365 710 2402 nummus.

414 2529 561 2567 umrnmus.
579 2529 711 2566 couroou.
727 2527 849 2564 rurusrs.

267 2683 320 2729 Mn.
337 2681 423 2730 Forum
435 2683 479 2730 sub
490 2690 575 2742 arguta
586 2680 727 2730 consederat
736 2678 792 2727 ilice
802 2673 922 2741 Daphnis,

234 2771 447 2832 conpulerantque
457 2785 539 2832 greges
551 2770 664 2833 Corydon
676 2776 701 2816 et
710 2768 810 2830 Thyrsis
821 2767 847 2815 in
860 2780 953 2827 unum;

234 2859 335 2922 Thyrsis
346 2874 413 2919 ores,
426 2859 539 2922 Corydon
551 2858 667 2906 distentas
679 2859 741 2905 lecte
751 2857 869 2920 capellas;

172 3009 173 3012 Ἴ
235 2949 314 2996 Ambo
325 2949 439 2998 florentes
449 2947 570 3006 aetatibus,
581 2945 689 2994 Arcades
700 2947 783 3006 ambo,

234 3037 266 3084 Et
277 3043 374 3085 cantare
385 3050 465 3100 pares,
476 3043 502 3084 et
511 3034 658 3096 respondere
667 3033 753 3097 parati.

235 3125 289 3173 Huc
301 3124 371 3183 mihi,
383 3124 441 3172 dum
452 3131 548 3171 teneras
558 3123 662 3172 defendo
673 3137 688 3172 e
699 3122 788 3184 frigore
801 3129 902 3186 myrtos,
