2334 3734
211 549 256 597 lto
430 546 459 593 P.
476 543 613 593 vtaolnu
631 539 784 592 MARONIS

210 677 293 726 Litore
303 675 412 724 diductas
422 680 524 735 angusto
536 671 648 721 interluit
658 678 728 720 aestu.

206 769 327 818 Dextrum
340 769 421 830 Scylla
429 767 504 826 lutus,
515 766 603 813 levum
615 763 735 827 inplaeata
747 762 880 827 Charybdis

210 858 321 918 Obsidet,
334 864 406 918 atque
417 857 468 903 imo
479 852 589 902 barathri
600 860 639 902 ter.
648 851 743 914 gurgite
753 859 833 901 vastos

207 949 295 998 Sorbet
304 948 331 997 in
339 949 469 1009 abruptum
481 945 580 1004 fluctus,
592 955 725 1005 rursusque
736 943 781 990 sub
792 955 862 991 auras

208 1038 288 1100 Erigit
300 1039 418 1096 alternos,
429 1042 455 1084 et
466 1034 546 1084 sidera
555 1035 668 1083 verberat
678 1032 752 1081 unda.

208 1130 243 1178 At
254 1128 359 1191 Scyllam
370 1125 441 1175 caecis
451 1123 550 1174 cohibet
560 1124 676 1187 spelunca
687 1121 796 1182 latebris,

210 1218 262 1268 Ora
271 1222 447 1276 exsertantem,
457 1223 483 1264 et
492 1214 561 1263 navis
572 1213 598 1261 in
610 1226 668 1261 saxa
678 1211 825 1260 trahentem.

210 1309 293 1358 Prima
303 1307 410 1357 hominis
421 1306 507 1365 iacies,
518 1312 544 1354 et
553 1305 639 1367 pulcro
651 1309 748 1366 pectore
758 1301 826 1363 virgo

209 1400 276 1447 Pohe
286 1406 377 1461 tenus;
391 1405 517 1460 postrema
526 1395 621 1444 immam
631 1407 734 1456 corpore
744 1392 842 1456 pistrix,

208 1487 358 1551 Delphinum
369 1487 458 1537 caudam
468 1494 540 1536 utero
550 1485 673 1536 conmissa
680 1485 802 1547 luporum.

208 1579 312 1626 Praestm
319 1577 441 1626 Trinacrii
453 1585 530 1626 metas
541 1577 645 1625 lustrare
656 1574 763 1638 Pachyni

209 1667 361 1726 Cessantem,
373 1667 461 1726 longos
472 1671 498 1714 et
508 1665 600 1714 circum
612 1665 709 1713 flectere
719 1677 814 1724 cursus,

209 1757 290 1810 Quam
301 1735 378 1804 semel
388 1755 519 1804 informem
530 1763 598 1804 vasto
608 1754 696 1804 vidisse
708 1756 753 1804 sub
765 1761 836 1804 antro

209 1847 326 1909 Scyllam,
338 1853 363 1894 et
372 1845 482 1894 ceruleis
493 1844 594 1894 canibus
605 1845 745 1894 resonantia
755 1859 822 1894 saxa.

210 1937 339 1994 Praeterea,
351 1934 373 1982 si
383 1949 432 1996 qua
442 1941 480 1982 est
491 1935 588 1982 Heleno
599 1934 737 1996 prudentia,
748 1933 798 1982 vati

208 2023 234 2072 Si
246 2036 294 2085 qua
304 2023 374 2084 fides,
386 2023 496 2071 animum
504 2022 526 2070 si
536 2021 599 2070 veris
612 2021 689 2085 inplet
700 2024 801 2087 Apollo,

207 2113 292 2162 Unum
304 2111 366 2160 illud
377 2111 433 2173 tibi,
444 2112 563 2172 netellam,
574 2125 671 2175 praeque
681 2111 796 2162 omnibus
808 2125 884 2162 unum

206 2202 350 2263 Praedictum,
363 2210 388 2251 et
399 2208 512 2265 repetens
521 2181 659 2264 iterumque
671 2201 808 2264 iterumque
820 2201 941 2250 monebo:

205 2294 220 2342 1
223 2291 312 2340 unouis
324 2305 418 2353 magnae
427 2291 533 2354 primum
544 2305 616 2354 prece
628 2305 717 2340 numen
731 2291 822 2354 udora3

203 2379 298 2431 lunoni
308 2395 368 2429 cane
379 2389 436 2429 vota
442 2380 532 2441 libens,
543 2380 717 2444 dominamque
727 2387 852 2444 potentem

202 2471 356 2534 supplicibus
367 2485 455 2535 supera
462 2471 547 2520 donis:
566 2469 606 2520 Sic
618 2470 722 2532 denique
734 2470 809 2520 victor

201 2561 331 2610 ‘lrinacria
341 2561 397 2610 finis
409 2562 484 2610 ltalos
495 2559 593 2609 mittere
605 2561 698 2610 relicta.

204 2657 258 2704 Huc
270 2655 312 2704 nbi
323 2655 418 2703 delatus
431 2657 557 2704 Cumauam
568 2653 700 2704 adsessoris
712 2655 809 2714 urbem,

201 2744 348 2806 Divinosque
359 2745 438 2803 lacus,
449 2750 475 2791 et
493 2745 591 2792 Averna
602 2744 714 2792 sonantia
725 2743 809 2793 silvis:

201 2836 315 2883 Insanum
325 2841 405 2882 vatem
416 2832 533 2896 adspicies
547 2853 555 2895 ;
572 2848 626 2895 quae
638 2847 698 2896 rupe
710 2835 755 2881 sub
766 2832 816 2882 ima

200 2925 259 2973 Fata
268 2922 343 2984 cauit,
360 2923 474 2986 foliisque
486 2930 557 2971 notas
567 2930 593 2971 et
603 2922 704 2972 uomina
715 2923 824 2972 mandat.

198 3014 363 3076 Quocumque
373 3013 399 3062 in
411 3013 478 3063 foliis
486 3013 613 3077 descripsit
623 3014 742 3075 carmina,
753 3014 821 3075 virgo

197 3100 292 3162 Digerit
302 3101 328 3150 in
341 3117 482 3164 numerum,
494 3110 566 3166 atque
577 3111 650 3152 antro
661 3105 755 3153 seclusa
766 3102 891 3165 relinquit.

103 3178 106 3184 ’
201 3191 246 3239 llla
256 3200 356 3240 manent
367 3191 461 3242 inmota
470 3193 542 3254 locis,
555 3207 635 3256 neque
647 3195 677 3242 ab
688 3193 775 3243 ordine
785 3191 882 3242 cedunt.
