2334 3734
222 506 274 569 aaa
444 520 472 567 e.
488 518 625 568 mooun
642 518 796 570 umours

222 650 274 697 Nec
286 646 366 711 Clytio
374 647 483 709 genitore
493 647 586 707 minor,
596 660 642 696 nec
652 646 729 697 frans
737 648 889 699 Menestheo.

224 735 656 797 nrjacna,uucerantretenuere
667 736 743 796 saus,
975 714 981 724 '

222 824 353 886 Molirique
364 824 456 885 ignem,
467 837 589 886 nervoque
601 832 683 888 aptare
694 824 800 885 sagittas.

223 913 277 974 lpse
289 912 352 961 inter
364 912 467 983 medios,
479 912 580 961 Veneris
587 912 725 973 justissima
735 925 804 972 cura,

221 998 357 1048 Dardanius
367 1007 449 1062 caput,
458 1014 523 1059 ecce,
536 1014 596 1061 puer
606 1000 713 1049 detectru
724 1001 866 1060 hortatum,

222 1087 307 1139 Qualis
318 1101 423 1148 gemma,
436 1088 519 1147 micat,
530 1089 624 1137 fulvum
635 1104 689 1150 qua
699 1088 784 1139 dividit
794 1103 891 1149 aurum,

220 1177 272 1224 Aut
282 1176 346 1224 collo
360 1176 444 1237 decus,
455 1184 497 1225 aut
506 1177 578 1240 capiti
589 1197 597 1238 ;
614 1179 653 1225 vel
664 1179 735 1239 quale
746 1192 788 1241 per
799 1185 876 1226 artem

222 1265 345 1315 inclusum
356 1268 433 1327 buxo,
444 1275 487 1315 aut
498 1267 582 1316 Oricia
592 1267 741 1327 terebintho,

222 1355 296 1403 Lucet
307 1357 366 1404 ebur
377 1375 385 1417 3
403 1357 470 1405 timos
481 1356 562 1404 cervix
573 1356 614 1404 cui
624 1357 702 1404 lactea
709 1355 785 1404 crinis

220 1443 318 1506 Adcipit
327 1452 352 1493 et
363 1444 433 1493 molli
445 1446 589 1494 subnectens
596 1444 702 1493 mullus
711 1458 783 1493 atrro.

219 1532 255 1580 Te
266 1546 361 1595 quoque
373 1533 532 1594 magnanima
543 1532 667 1592 viderunt,
680 1534 781 1593 lsmare,
793 1539 874 1594 gentes

123 1658 129 1665 .
218 1620 327 1669 Volnera
338 1620 452 1681 dirigere,
463 1629 488 1669 et
499 1622 605 1669 calamos
617 1634 713 1669 murare
724 1635 828 1683 veneno,

219 1703 325 1752 Maonia
335 1718 452 1765 generose
460 1704 547 1753 ἂουιοε
565 1704 609 1753 ubi
619 1704 718 1767 pinguia
728 1706 795 1754 culta

219 1792 386 1853 Exercentque
397 1793 453 1852 viri,
467 1794 625 1854 Pactolonque
636 1791 725 1853 inrigat
735 1806 804 1843 auro.

219 1878 305 1928 Adfuit
313 1887 338 1948 et
349 1882 503 1941 Mnestheus,
514 1895 587 1943 quern
597 1880 661 1943 pulsi
670 1880 774 1943 pristina
783 1879 862 1932 lurni

218 1968 312 2029 Aggere
323 1982 457 2017 moerurunr
468 1969 598 2019 sublimem
609 1970 687 2030 gloria
698 1970 780 2033 tollit3

219 2056 251 2103 lit
263 2056 352 2118 Capys:
370 2055 427 2105 hinc
437 2071 530 2107 nomen
542 2058 673 2119 campane
681 2057 779 2107 ducitur
790 2056 854 2107 urbi.

252 2143 293 2192 llll
304 2143 367 2193 inter
377 2158 430 2193 sese
441 2144 496 2195 duri
506 2145 641 2195 certamina
651 2145 710 2195 belli

220 2229 393 2279 Contnlerantt
411 2230 492 2279 media
501 2231 592 2282 AEneas
603 2231 667 2279 treta
677 2236 748 2278 nocte
759 2230 861 2279 secabat

219 2318 341 2381 Namque,
354 2328 380 2367 ut
391 2320 420 2369 ab
432 2319 545 2369 Evandro
556 2320 642 2369 castris
654 2319 775 2381 mgressus
786 2318 907 2382 Etrusca,

218 2407 307 2467 Regem
318 2407 377 2467 adit,
389 2416 413 2457 et
424 2410 474 2471 regi
486 2417 606 2458 memorat
616 2423 754 2471 nomenque
764 2421 904 2471 genusque3

218 2492 311 2546 Quidve
322 2502 397 2556 petat,
409 2495 496 2556 quidve
506 2496 557 2559 ipse
568 2498 647 2559 terat;
663 2498 803 2547 Mezentius
811 2512 880 2550 uma

218 2582 278 2634 Quae
289 2582 335 2630 sibi
346 2582 468 2644 conciliet,
481 2585 634 2647 violentaque
644 2594 742 2648 pectora
751 2586 841 2648 Turni,

217 2669 322 2732 Educet3
339 2672 453 2721 humanis
463 2687 516 2734 quae
528 2674 560 2723 sit
571 2675 662 2725 fiducia
671 2678 744 2726 rebua
941 2729 947 2737 ,

217 2758 350 2821 Admonet,
362 2760 519 2824 inmiscetqne
530 2778 621 2826 precer.
654 2767 727 2815 Haud
737 2768 766 2818 nt
779 2780 867 2831 mora3
883 2768 980 2817 Tarcho

216 2845 303 2906 iungit
313 2860 381 2909 opes,
393 2848 518 2912 foedusque
530 2851 604 2914 serit3
622 2860 675 2903 tum
685 2853 764 2904 libera
774 2854 819 2905 tati

218 2934 327 2983 Classem
338 2938 477 2988 conscendit
484 2939 559 2999 jnssis
570 2954 630 3000 genn
643 2942 717 3003 Lydia
727 2942 820 3005 divom,

217 3022 325 3071 Externa
334 3025 455 3077 conmissa
467 3027 529 3077 duci.
563 3029 651 3080 AEneia
661 3030 748 3095 puppis

218 3109 300 3159 Prima
309 3118 385 3173 tenet,
397 3124 477 3165 rostro
490 3117 607 3181 Phrygios
614 3120 744 3179 auhluncta
753 3123 850 3173 leones:
