2334 3734
232 533 264 581 86
455 530 483 579 Ρ.
499 529 639 578 VIRGILII
657 527 812 577 MARONIS

233 659 353 721 Undsque
362 661 413 720 Jam
425 666 494 719 tergo
505 657 610 705 ferratos
621 640 726 705 sustinet
736 654 817 715 orbis,

233 748 355 813 Puppibus
366 748 410 796 illa
421 747 500 811 prius,
512 745 603 809 putidis
613 759 680 793 nuno
691 744 790 806 bospite
799 742 925 806 plaustris.

233 840 340 900 AEraque
351 836 475 886 dissiliunt
484 837 567 897 volgo,
579 842 706 896 vestesque
716 833 841 894 rigescunt

234 928 338 987 indutu,
350 926 492 987 cuduntque
504 923 629 973 securibus
637 922 740 971 humido
750 922 817 982 vino,

233 1018 266 1065 Et
276 1024 334 1066 totae
345 1015 451 1065 solidum¹
460 1015 487 1064 in
499 1015 601 1076 glaciem
612 1020 706 1062 vertere
717 1014 823 1072 lscunae,

235 1104 356 1167 Stirinque
367 1103 462 1166 inpexis
473 1102 585 1151 induruit
597 1101 699 1150 horrida
709 1100 800 1150 barbis.

234 1193 330 1242 Interea
336 1198 388 1241 toto
401 1206 451 1241 non
463 1191 541 1240 secius
554 1204 609 1239 sere
622 1189 733 1251 ninguit:

236 1283 362 1331 intereunt
373 1281 487 1344 pecudes,
500 1286 566 1328 stunt
576 1279 724 1335 circumitus
734 1275 830 1341 pruinis

237 1372 348 1434 Corpora
359 1383 447 1432 magna
457 1370 532 1418 boum
543 1388 551 1430 ;
569 1368 729 1430 confertoque
740 1367 837 1428 agmine
848 1367 913 1415 cervi

235 1463 346 1524 Torpent
357 1463 422 1510 mole
433 1473 506 1520 nova,
518 1468 543 1508 et
554 1459 657 1507 summis
668 1457 709 1507 vix
720 1457 836 1506 cornibus
847 1464 952 1507 exstant.

238 1554 290 1601 Hos
301 1566 352 1602 non
364 1551 472 1600 inmissis
483 1549 595 1610 canibus,
607 1564 658 1597 non
669 1549 778 1598 cassibus
788 1548 857 1609 ullis,

238 1641 377 1690 Punioeoevo
389 1641 480 1702 agitant
493 1639 594 1702 pavidos
605 1637 738 1687 formidine
749 1637 842 1700 pinnini

238 1730 286 1779 Sed
297 1731 389 1779 bostro
400 1728 538 1792 oppositum
548 1727 674 1776 trudentes
686 1734 784 1790 pectore
799 1731 909 1775 montem¹

239 1818 383 1868 Comminus
396 1819 543 1866 obtruncant
554 1816 631 1876 ferro,
642 1815 794 1878 graviterque
804 1815 920 1864 rudentes

240 1907 353 1968 Caedunt,
363 1914 388 1954 et
404 1922 492 1970 magno
503 1907 554 1957 lati
563 1909 675 1956 elamore
682 1912 817 1968 reportant.

240 1994 289 2058 Ipsi
301 1995 326 2044 in
338 1995 440 2044 defossis
452 1998 569 2058 specubus
581 2009 666 2044 securo
677 1995 723 2042 sub
734 1995 784 2043 ulto

241 2084 299 2134 Otia
309 2092 384 2146 agunt
393 2092 469 2144 terro,
477 2092 638 2147 congestoque
648 2084 739 2132 roboro
749 2090 861 2144 totasque

239 2174 374 2224 Advolvere
385 2174 446 2224 iocis
457 2175 549 2233 ulmos,
560 2173 658 2235 ignique
669 2172 765 2222 dedere.

241 2263 287 2312 Hic
300 2271 396 2312 noctem
407 2263 466 2313 ludo
478 2263 579 2322 ducunt,
591 2269 617 2310 et
627 2263 715 2324 poculo
725 2261 776 2310 laeti

241 2353 372 2401 Fermento
382 2359 453 2413 atque
464 2351 538 2400 scidis
550 2351 677 2400 imitentur
687 2351 751 2399 vites
760 2350 848 2400 sorbis.

212 2503 215 2510 μ
239 2440 308 2490 'lulis
320 2442 475 2504 Hyperboreo
488 2441 587 2502 Septem
597 2441 705 2500 subiecto
713 2439 790 2488 trioni
848 2491 852 2499 ,

242 2532 307 2580 Gens
315 2531 406 2579 effrena
416 2530 496 2579 virum
508 2529 609 2592 Rhipseo
620 2529 732 2578 tunditur
743 2531 822 2591 Euro,

242 2621 275 2667 Et
286 2618 404 2682 pecudum
415 2619 488 2666 brivis
500 2619 594 2666 velatur
606 2625 710 2680 corporo
719 2617 791 2666 saetis.

275 2707 302 2756 si
312 2707 357 2757 tibi
367 2707 479 2756 lanitium
490 2711 569 2756 curm:
587 2707 695 2771 primurn
707 2721 793 2770 aspera
802 2707 873 2768 silva,

243 2798 376 2860 nappaeque
387 2795 520 2858 tribulique
531 2795 629 2859 absint3
647 2797 703 2859 fuge
713 2798 802 2860 pabulo
812 2798 885 2859 laetu3

243 2885 414 2948 Continuoque
425 2899 508 2947 greges
518 2886 583 2935 villis
596 2888 648 2947 lege
660 2887 776 2935 mollibus
787 2886 863 2937 albos.

243 2973 316 3021 illum
328 2982 420 3034 sutem,
432 2973 542 3036 quumvis
551 2975 614 3023 aries
626 2974 659 3024 sit
668 2974 784 3023 condidus
796 2975 858 3038 ipse,

243 3061 320 3122 Nigra
331 3063 413 3110 subest
423 3062 472 3110 udo
483 3069 579 3112 tantum
590 3063 629 3112 cui
640 3063 724 3124 lingua
733 3065 825 3126 punt),

243 3148 333 3212 Rejice,
345 3163 376 3198 ne
387 3150 488 3199 maculis
499 3149 604 3199 iniusoet
615 3151 705 3200 vellera
714 3152 789 3214 punis
